1826 3054
515 219 915 264 FASTORUM
951 219 1078 262 LIB.
1116 220 1188 262 ΙΙ.

1477 218 1556 279 ¹47

210 317 302 362 Nec
324 313 429 362 sinit
450 311 502 360 ad
526 312 697 378 patrios
718 329 836 359 arma
858 310 1017 359 referre
1040 311 1188 359 Deos:

148 392 321 458 Ecquid
341 391 387 438 in
411 389 559 447 officio
587 401 713 437 torus
733 400 802 437 est
824 386 1036 436 socialis?
1059 398 1104 435 et
1123 386 1282 452 ecquid

214 467 491 533 Conjugibus
514 466 680 514 nostris
703 477 856 514 mutua
879 484 982 514 cura
1004 464 1190 513 sumus?

1497 479 1562 524 730

151 546 352 611 Quisque
377 562 498 592 suam
519 542 729 591 laudant:
751 543 909 592 studiis
930 541 1166 591 certamina
1187 552 1388 590 crescunt
1406 559 1417 599 ;

215 624 273 670 Et
295 622 461 670 fervent
481 620 623 669 multo
642 614 885 686 linguaque
906 638 1067 686 corque
1088 636 1222 667 mero.

151 698 330 761 Surgit,
353 697 614 747 eui-clarum
641 697 818 746 dederat
845 696 1035 746 Collatia
1055 715 1241 753 nomen3

215 777 319 824 Non
340 794 453 842 opus
475 786 543 824 est
563 775 710 823 verbis
726 812 738 832 ‚
764 775 928 824 credite
950 775 1085 824 rebus
1098 812 1110 833 ‚
1131 773 1204 823 ait.

151 855 255 902 Nox
278 866 507 921 superest:
530 852 739 902 tollamur
760 853 911 919 εφιὶε,
936 852 1179 918 urbemque
1201 861 1415 917 petamus.

1511 861 1576 907 535

217 931 348 979 Dicta
369 930 575 998 placent:
595 930 731 979 frenis
754 929 1059 996 impediuntur
1078 928 1192 995 equi.

152 1007 428 1057 Pertulerant
450 1008 654 1056 dominos
676 1027 686 1055 ε
710 1006 873 1071 regalia
892 1007 1097 1073 protinus
1119 1005 1187 1054 illi

218 1087 352 1133 Tecta
372 1097 552 1151 petunt3
575 1096 724 1132 custos
745 1085 793 1132 in
814 1084 909 1132 fore
931 1083 1080 1132 nullus
1102 1094 1205 1130 erat.

158 1232 174 1245 π
192 1223 232 1250 ut
250 1216 347 1262 piger
362 1228 473 1250 annus
487 1215 635 1262 pupillis.
651 1215 830 1250 »—Soc1‘a-

155 1271 209 1307 lt's,
231 1267 430 1313 conjugalis.
441 1267 528 1312 Ipsae
539 1279 660 1301 uxores
675 1266 828 1301 intell.—

157 1323 198 1354 In
212 1319 324 1365 officio
335 1325 395 1353 est.
412 1319 486 1353 Liv-
497 1319 588 1354 V111
600 1345 611 1362 ,
632 1331 691 1366 19:
707 1333 725 1348 κ
734 1319 828 1354 Fun-

159 1391 176 1404 »
191 1374 299 1408 danos
313 1373 349 1407 in
363 1372 478 1407 officio
494 1385 583 1414 esse,
598 1386 615 1401 ν
626 1372 663 1405 in
678 1370 746 1406 fide
756 1397 766 1413 ‚
782 1371 828 1405 fi-

157 1425 267 1466 deles;
285 1426 321 1458 V
337 1425 440 1459 Trist.
458 1434 539 1466 xxv,
556 1423 599 1457 26
611 1449 620 1466 ,
640 1436 657 1452 κ
671 1420 759 1457 nihil
773 1422 828 1456 os·-

158 1492 175 1507 »
192 1477 283 1519 ficio,
295 1483 418 1522 nupta,
435 1475 529 1520 quod
543 1476 667 1518 obstet,
681 1474 795 1509 habet.
806 1488 825 1504 ιο

154 1547 199 1554 ·-
213 1530 302 1563 Cura
314 1526 458 1571 dicitur,
474 1534 511 1562 et
526 1528 574 1570 is,
599 1526 659 1571 qui
677 1533 826 1560 amatur.

155 1580 324 1623 Tibullus,
341 1580 401 1622 11,
413 1590 478 1623 111,
494 1580 532 1613 31
543 1605 552 1621 ,
565 1593 582 1608 «
599 1578 654 1613 cui
667 1590 728 1612 sua
742 1590 832 1613 cura

156 1647 174 1661 ι»
189 1632 302 1678 puella
310 1639 372 1666 est.
384 1646 402 1661 ι
412 1631 510 1677 Virg.
522 1630 650 1674 Geor-g.
663 1629 717 1664 IV
727 1630 826 1673 ‚354,

155 1698 173 1713 «
190 1691 249 1718 tua
264 1683 415 1718 maxima
426 1695 509 1718 cura
524 1696 543 1712 u
561 1681 605 1716 de
615 1681 688 1715 filio
700 1687 827 1715 amato.

153 1754 198 1762 -
218 1735 355 1770 Eodem
375 1748 479 1770 sensu
497 1733 616 1769 Cesar
628 1758 639 1775 ,
667 1732 704 1767 in
730 1732 829 1767 Bello

155 1787 251 1822 Alex.
267 1793 412 1821 mutuum
424 1790 558 1821 sentire.
585 1785 651 1819 Ed.

199 1840 272 1883 731.
296 1840 415 1873 Studia
433 1849 559 1873 eorum
572 1843 672 1879 sunt,
692 1836 751 1880 qui
768 1838 829 1871 sa—

154 1897 238 1925 vent
248 1891 368 1932 alicui,
382 1891 526 1934 eiusque
536 1900 674 1924 musam
693 1888 830 1923 sortiter

155 1949 273 1988 agunt.
286 1942 415 1985 Livius,
427 1942 563 1986 XXIX,
577 1954 635 1988 19,
647 1954 666 1970 «
681 1941 830 1977 accensis

158 2009 174 2024 »
191 1994 311 2029 studiis
326 2006 391 2040 pro
407 1994 580 2039 Scipione.
596 2008 615 2024 »ο
632 2011 675 2021 -
690 1996 831 2029 Fervent

156 2054 220 2081 etc.
247 2046 463 2081 incaluerant
486 2053 523 2080 et
549 2046 768 2081 sermonibus
793 2053 832 2081 et

156 2098 443 2142 anima-Surgit
458 2098 624 2132 Heinsius
640 2098 695 2132 vel
715 2098 831 2134 invitis

154 2150 368 2186 membranis
387 2151 422 2184 in
439 2151 570 2194 Surgite
580 2149 710 2183 mutari
734 2149 829 2194 vult,

156 2210 196 2238 ut
212 2202 377 2237 Collatini
393 2202 503 2237 socios
519 2201 725 2246 alloquentis
743 2213 831 2235 ora-

156 2255 206 2289 tio
215 2254 297 2289 hinc
307 2254 448 2299 incipiat
458 2268 467 2294 ;
477 2266 551 2288 non
566 2253 742 2288 assentior.
751 2253 835 2286 Sne*-

154 2311 206 2350 ge'!
214 2306 347 2352 optime
359 2305 403 2340 de
420 2317 463 2340 eo
474 2332 484 2348 ,
502 2305 561 2350 qui
578 2304 707 2340 calidus
718 2304 785 2339 iter
795 2303 833 2338 il-

155 2360 222 2395 lico
229 2358 429 2394 faciendum
440 2359 587 2394 suadere
601 2358 696 2393 vult:
711 2358 738 2393 is
751 2364 831 2392 ante

157 2423 280 2446 omnes
294 2424 436 2456 surgere
454 2411 551 2446 solet.
566 2412 696 2455 sargae
709 2410 833 2445 melius

157 2460 274 2495 locum
294 2461 438 2497 haberet
454 2469 531 2508 post
552 2464 657 2496 verba
669 2488 679 2505 ‚
693 2474 761 2495 nox
774 2474 833 2495 su-

153 2517 274 2557 perest.
282 2531 326 2539 —
337 2515 482 2549 Collatia
494 2514 632 2550 Sabinis
649 2527 668 2548 a
681 2513 775 2558 Tarq
780 2513 834 2547 ui-

160 2565 219 2598 nio
236 2565 354 2600 Prisco
369 2566 528 2608 ademta3
545 2566 694 2612 Egerius
705 2591 715 2608 ,
734 2566 833 2610 cnjus

159 2615 251 2651 filius
268 2616 325 2652 bic
342 2619 546 2659 Collatinus,
567 2618 604 2652 in
616 2617 776 2664 praesidio
786 2617 834 2653 ibi

159 2668 299 2703 relictus
318 2667 480 2711 eculin
497 2670 536 2714 1,
556 2670 600 2714 34
618 2677 654 2704 et
670 2671 722 2704 38.
745 2668 834 2703 Inde

161 2721 328 2755 Collatini
331 2733 527 2766 cognomen
537 2722 571 2756 ei
583 2720 835 2764 inditum‚Dio·

897 1227 971 1261 nys.
989 1213 1042 1249 IV
1054 1240 1062 1256 ,
1085 1214 1129 1257 64
1142 1239 1152 1257 ‚
1168 1212 1262 1259 quod
1279 1212 1342 1247 hac
1357 1211 1429 1258 ipsa
1452 1224 1574 1247 rerum

892 1265 1167 1301 commutatione
1205 1267 1374 1299 inclaruit.
1406 1264 1571 1298 Mentem

893 1317 1060 1352 Collatini
1081 1316 1195 1351 multo
1213 1316 1365 1362 apertius
1385 1315 1572 1351 declaravit

891 1369 1022 1413 Livius,
1035 1384 1052 1399 α
1063 1369 1180 1414 paucis
1191 1368 1225 1402 id
1239 1368 1382 1413 quidem
1391 1368 1485 1403 horis
1494 1381 1555 1414 pos
1563 1389 1571 1394 -

890 1436 909 1451 ν
924 1434 960 1456 se
975 1422 1076 1464 sciri,
1091 1429 1263 1466 quantum
1284 1421 1416 1456 caeteris
1432 1429 1571 1467 praestet

891 1487 910 1503 »
927 1472 1091 1507 Lucretia
1101 1485 1173 1507 sua.
1187 1472 1288 1517 Quin
1302 1473 1571 1509 conscendimus

891 1539 909 1555 υ
919 1524 1290 1570 equos-,invisimusque
1299 1533 1485 1570 pratenses
1494 1535 1572 1561 nos-

892 1590 910 1605 »
927 1582 1063 1610 tratum
1078 1575 1244 1621 ingenia?
1260 1576 1301 1611 ld
1318 1577 1446 1622 cuique
1464 1590 1571 1623 spec-

891 1642 911 1659 ν
925 1629 1134 1664 tatis-simum
1150 1629 1193 1664 sit
1203 1655 1213 1672 ‚
1234 1629 1327 1674 quod
1345 1643 1412 1665 nec
1426 1631 1570 1676 opinato

892 1695 911 1711 ι·
927 1681 992 1715 viri
1004 1681 1158 1716 adventu
1178 1681 1370 1716 occurrerit
1379 1682 1498 1717 oculis.
1508 1697 1571 1711 ¹³-

897 1735 1179 1778 Tollamurequis,
1197 1732 1387 1767 avehamur
1402 1734 1510 1779 equis.
1518 1735 1572 1769 XI

892 1785 1041 1820 Metam.
1057 1786 1118 1828 44¹
1133 1811 1143 1828 ,
1163 1797 1180 1814 ι(
1200 1784 1263 1819 Me
1280 1797 1420 1830 quoque
1435 1785 1516 1820 tolle
1526 1786 1573 1820 si-

894 1852 913 1868 »
927 1837 1024 1881 mul,
1044 1851 1063 1868 »
1077 1836 1136 1871 ubi
1153 1835 1231 1871 vide
1254 1843 1389 1872 notam.

946 1889 1019 1934 736.
1042 1889 1160 1922 Frem's
1179 1891 1336 1933 impedm
1347 1902 1452 1934 equos
1470 1917 1480 1931 ‚
1507 1903 1573 1936 pro

893 1941 1039 1987 vulgari,
1050 1940 1151 1976 frena
1160 1941 1288 1976 addere
1296 1942 1403 1988 equis.
1411 1943 1570 1987 Dictum,

892 2000 932 2028 ut
943 2005 1058 2028 comas
1073 1995 1232 2038 impedire
1246 1998 1353 2029 serte's.
1366 2013 1413 2022 —-
1431 1997 1569 2037 Custos,

893 2045 1024 2089 janitor
1034 2071 1044 2087 ,
1056 2045 1156 2090 cujus
1166 2052 1242 2080 erat
1255 2045 1430 2080 custodire
1445 2053 1481 2081 et
1491 2059 1574 2081 ser-

892 2108 976 2130 vare
992 2095 1151 2131 domum.
1178 2096 1273 2132 Viris
1294 2098 1454 2142 gravibus
1479 2098 1575 2133 laudi

894 2146 1088 2182 ducebatur
1099 2174 1108 2191 ,
1123 2148 1266 2183 custode
1281 2150 1341 2183 tali
1351 2162 1490 2192 carere3
1509 2151 1577 2185 sa-

897 2199 1053 2244 gittarius
1063 2199 1108 2234 de
1118 2199 1244 2235 Januis
1256 2226 1266 2244 ,
1281 2214 1314 2246 p.
1324 2203 1377 2248 95.
1395 2201 1467 2236 Sed
1478 2214 1579 2237 nunc

897 2251 1053 2286 absentia
1067 2252 1143 2296 ejus
1158 2251 1284 2287 ess‘ecta
1297 2260 1374 2288 erat
1387 2253 1469 2288 luxu
1478 2280 1489 2296 ,
1503 2266 1575 2298 quo

897 2302 1018 2335 omnia
1033 2303 1069 2336 in
1081 2303 1176 2348 regia
1188 2304 1433 2338 miscebantur.
1435 2303 1577 2338 —Con-

896 2354 1028 2387 vivium
1032 2366 1121 2398 ,quo
1130 2367 1240 2390 nurus
1250 2356 1341 2400 regis
1347 2361 1485 2400 tempus
1492 2368 1576 2391 cum

898 2405 1086 2450 aequalibus
1112 2406 1263 2449 terebat,
1282 2406 1449 2442 invidiose
1463 2415 1575 2443 nota-

899 2464 975 2491 tum
982 2468 1089 2498 mem
1099 2457 1169 2492 vini
1179 2458 1276 2492 enim
1283 2459 1574 2495 ususmulieribus

899 2509 1053 2543 romanis
1072 2509 1275 2544 interdictus
1293 2517 1432 2545 erat—
1438 2511 1499 2547 ·Ac
1507 2511 1576 2547 illae

899 2560 1043 2606 quidem
1055 2586 1065 2604 ,
1082 2560 1225 2606 genium
1241 2572 1344 2596 snum
1367 2563 1549 2608 plaoeturae
1562 2590 1573 2607 ,

898 2627 1048 2655 comnas,
1060 2614 1147 2649 adeo
1155 2622 1370 2659 sumserunt,
1382 2628 1460 2660 quoe
1473 2629 1575 2651 coer-

899 2681 978 2702 cere
995 2678 1111 2702 comas
1126 2668 1303 2712 solebant,
1326 2668 1387 2704 sed
1411 2670 1450 2703 in
1471 2669 1576 2705 ebriis

888 2721 1123 2765 findebantur
1136 2749 1148 2765 ,
1172 2722 1295 2758 solute
1324 2722 1576 2758 delabebantur
