1826 3054
548 187 960 232 FASTORUM
998 189 1137 231 LIB.
1179 190 1273 236 VI.

1523 189 1612 250 447

254 285 373 332 Usus
394 293 438 330 et
457 280 618 330 auxilio
644 291 711 329 est
733 279 890 342 anguis
912 279 968 327 ab
993 298 1135 341 angue
1155 279 1285 337 dat03

191 363 378 410 Pectora
401 372 466 408 ter
490 359 659 421 tetigit,
687 370 754 406 ter
776 358 909 405 verba
932 356 1123 406 salubria
1148 356 1259 404 dixit
1280 376 1289 404 :

258 437 522 504 Depositum
547 447 660 484 terra
686 433 868 484 sustulit
890 433 963 481 ille
987 445 1131 499 caput.

191 520 342 565 Lucus
365 533 463 563 eum
478 551 489 570 ‚
514 512 796 578 nemorisque
820 511 911 568 tui,
938 510 1186 577 Dictynna,
1211 528 1408 560 recessus

1552 525 1616 572 755

262 591 386 641 Celat
407 612 416 638 2
440 590 622 638 Aricino
644 590 829 638 Virbius
852 587 926 636 ille
948 587 1059 635 lacu.

193 673 254 718 At
279 669 514 735 Clymenus
537 668 792 734 Clothoque
818 665 995 723 dolent,
1020 664 1138 723 haec,
1161 663 1235 712 fila
1255 665 1396 712 reneri
1411 703 1423 723 ‚

259 746 366 803 Hic,
389 745 483 793 fieri
507 745 631 808 regni
650 745 748 810 jura
769 744 941 791 minora
965 742 1047 790 sui.

192 824 370 890 Jupiter
392 822 639 889 exemplum
663 821 850 878 veritus,
878 820 1037 868 direxit
1060 820 1107 867 in
1131 818 1257 866 illum

258 901 459 950 Fulmina
474 939 485 958 ‚
511 901 587 967 qui
608 900 752 948 nimiae
774 911 970 947 moverat
990 898 1098 947 artis
1122 917 1263 964 opem.

194 978 389 1034 Phoebe,
416 977 681 1043 querebaris.
707 977 831 1024 Deus
855 987 947 1033 est3
972 975 1143 1042 placare
1168 974 1369 1041 parenti:

262 1057 452 1121 Propter
478 1067 518 1102 te
533 1092 545 1111 ‚
572 1054 666 1102 fieri
691 1053 814 1120 quod
835 1065 952 1102 vetat
967 1091 978 1110 ‚
1001 1054 1096 1119 ipse
1117 1053 1234 1100 facit.

196 1134 304 1180 NON
330 1152 411 1195 ego
438 1145 501 1189 te,
529 1131 726 1198 quamvis
748 1131 1012 1197 properabis
1030 1130 1201 1179 vincere
1217 1167 1229 1188 ‚
1257 1131 1426 1187 Caesar,

198 1259 284 1280 num
295 1260 404 1292 quum
416 1245 591 1281 incidisset
600 1272 609 1290 ,
621 1245 808 1280 suffocatus
816 1252 879 1280 est.

199 1299 294 1333 Hinc
311 1299 431 1332 Minos
453 1310 596 1341 augures
614 1298 815 1332 convocavit
828 1323 838 1341 ,
858 1310 877 1331 e

199 1350 322 1394 quibus
343 1348 507 1396 Polyidus
522 1375 530 1391 ,
553 1348 698 1393 augurio
714 1355 874 1392 accepto,

197 1413 322 1446 corpus
336 1401 435 1446 pueri
450 1400 598 1445 reperit,
613 1407 716 1444 atque
729 1399 772 1432 de
785 1399 878 1432 dolio

197 1453 338 1494 eduxit;
355 1460 432 1487 tum
448 1456 571 1496 anguis
588 1452 733 1497 arrepsit
745 1478 754 1494 ,
773 1464 880 1496 quem

199 1505 366 1552 Polyidus
383 1505 568 1539 interfecit.
586 1503 776 1539 Interfecto
796 1505 880 1539 alius

197 1562 320 1602 anguis
331 1585 339 1597 ‚
367 1557 474 1592 herba
491 1556 642 1601 quadam
660 1556 770 1590 adlata
785 1583 794 1601 ‚
820 1557 880 1590 vi—

200 1618 272 1644 tam
284 1610 445 1644 restituit.
462 1608 632 1653 Ejusdem
646 1607 763 1642 herbae
777 1608 882 1653 igitur

199 1675 306 1707 opera
329 1675 410 1696 usus
438 1668 490 1695 est
514 1660 682 1708 Polyidus
707 1661 744 1695 in
772 1661 882 1696 resti-

199 1715 333 1750 tuendo
349 1714 482 1750 Glauco
499 1741 508 1758 ,
533 1721 611 1759 post
628 1714 734 1748 etiam
755 1714 883 1749 AEscu-

200 1768 308 1813 lapius
327 1769 364 1802 in
384 1768 603 1815 Hippolyt03
624 1767 881 1813 Apollodorus,

205 1821 259 1856 111
275 1848 285 1864 ‚
301 1832 346 1855 111
359 1847 369 1865 ‚
391 1835 404 1855 1
421 1836 429 1864 ;
455 1821 618 1867 Hyginus
632 1847 642 1864 ,
665 1820 770 1855 fabul.
797 1821 881 1862 1353

204 1874 390 1919 Palaephat.
402 1888 453 1919 27·
465 1875 612 1908 Ususest
619 1877 760 1918 anguis‚·
770 1873 884 1908 Kreb-

202 1927 271 1961 sius
288 1925 448 1971 intelligit
465 1926 703 1970 AEsculapium
716 1952 725 1969 ,
744 1926 802 1970 qui
819 1926 883 1960 sub

205 1978 355 2022 imagine
373 1977 493 2022 anguis
511 1976 622 2011 cultus
638 1977 691 2011 sit.
706 1977 883 2021 Equidem

207 2041 358 2074 anguem
376 2028 601 2062 intersectum
620 2028 775 2073 intelligo
790 2055 799 2071 ,
824 2029 886 2073 qui

208 2092 286 2114 usus
296 2087 346 2114 est
357 2079 481 2113 auxilio
494 2080 535 2113 ab
548 2079 657 2113 altero
667 2092 779 2123 angue
790 2079 884 2121 dato,

206 2138 366 2177 expertus
382 2138 433 2165 est
451 2130 563 2165 auxilii
581 2130 669 2166 illius
690 2137 750 2164 aut
769 2130 886 2164 herbae

207 2183 407 2217 vim—Pro
423 2196 530 2226 augur
540 2181 594 2215 alii
612 2185 749 2225 angm’s,
772 2189 806 2215 et
822 2193 886 2226 pro

206 2236 399 2268 observatas
428 2233 558 2268 Glossae
588 2232 743 2277 Rumph.
767 2235 887 2267 obser-

209 2289 361 2329 vandam
381 2287 512 2321 Ulitius
530 2285 685 2329 volebat,
708 2287 792 2319 Tum
808 2299 887 2319 coa-

210 2346 370 2373 cenatas.

254 2391 326 2434 753.
345 2393 453 2424 Verba
465 2392 629 2426 salubn'a.
643 2389 797 2424 carmina
809 2415 818 2432 ,
830 2389 888 2423 in-

210 2442 423 2476 cantationes
435 2468 444 2483 ,
464 2455 541 2487 quae
561 2441 716 2475 adhiberi
732 2441 889 2475 solebant

212 2506 229 2527 a
246 2493 406 2536 medicis,
425 2501 464 2527 ut
481 2494 558 2527 alibi
578 2494 647 2538 jam
663 2500 888 2527 notatum.—

210 2543 266 2578 De
288 2546 402 2578 Virbio
417 2552 451 2579 et
464 2547 605 2579 Aricino
620 2548 698 2579 lacu
717 2545 771 2579 ΠΙ
785 2571 795 2588 ,
813 2544 888 2579 265.

210 2613 251 2620 —
267 2596 441 2641 Clymenus
464 2596 560 2631 dedit
586 2597 752 2630 Heinsius
768 2621 778 2638 ,
807 2595 888 2640 quia

211 2647 326 2692 plnres
343 2647 440 2682 MSS
455 2649 630 2688 Lt'meaus,
654 2649 806 2686 Limens,
824 2648 889 2680 Li-

212 2712 336 2734 mcreus
348 2725 356 2740 ,
379 2707 419 2738 ,εἴ
446 2700 527 2745 quia
556 2700 686 2735 Graecis
713 2701 889 2746 Clymenus

944 1244 1057 1280 dictus
1067 1252 1119 1279 est
1131 1244 1236 1279 Pluto
1247 1271 1257 1287 ‚
1269 1251 1440 1289 quatenus
1450 1244 1568 1278 omnia
1581 1244 1625 1278 ad

945 1311 980 1332 se
998 1304 1105 1332 vocat.
1128 1297 1183 1332 Ad
1209 1297 1303 1331 hunc
1321 1297 1426 1341 igitur
1447 1298 1627 1341 pertinent

943 1351 1047 1383 verba
1061 1352 1232 1395 llic-‚fieri
1246 1357 1311 1384 etc.
1326 1349 1627 1394 quemadmodum

945 1400 988 1434 ad
1012 1402 1160 1435 Parcam
1184 1399 1426 1434 antecedentia
1451 1403 1540 1439 hoec,
1555 1403 1627 1445 fila

943 1455 1057 1486 teneri.
1072 1452 1189 1497 Vulgo
1205 1453 1390 1492 Lachesis‚·
1408 1451 1628 1486 Mitscherli-

945 1504 1040 1539 chius
1055 1504 1159 1539 habet
1172 1531 1182 1547 ,
1203 1504 1319 1539 nescio
1335 1504 1429 1538 unde
1441 1530 1450 1547 ,
1467 1505 1628 1539 Pluto.—

946 1557 1018 1591 Pro
1034 1558 1103 1590 boec
1115 1583 1125 1597 ‚
1150 1556 1265 1600 plures
1278 1569 1352 1590 sua.

993 1608 1065 1652 760.
1096 1611 1163 1651 Qui
1190 1612 1298 1643 nimioe
1326 1615 1388 1642 etc.
1411 1607 1470 1652 qui
1498 1608 1627 1646 nimius

944 1657 1061 1693 suerat
1087 1658 1124 1692 in
1147 1666 1219 1693 arte
1245 1659 1380 1694 medica
1409 1659 1604 1694 adhibenda
1616 1686 1628 1704 ,

947 1710 1005 1755 qui
1029 1718 1209 1745 mortuum
1230 1711 1317 1746 adeo
1337 1711 1374 1745 in
1391 1711 1497 1746 vitam
1518 1726 1630 1747 revo—

948 1770 1095 1796 caverat.
1111 1782 1155 1789 -—
1170 1765 1323 1797 filaverat
1342 1763 1473 1798 habent
1495 1763 1630 1798 Zulich.

949 1814 1101 1858 optimus
1137 1814 1323 1849 Patavinus
1339 1841 1349 1859 ,
1379 1816 1464 1850 Laeti
1489 1823 1524 1850 et
1558 1824 1629 1850 tres

949 1867 1005 1901 alii
1023 1881 1030 1901 :
1047 1868 1149 1913 vulgo
1160 1894 1169 1911 ‚
1187 1876 1329 1903 noverat.
1347 1868 1512 1903 Heinsius
1528 1876 1631 1914 puta—

948 1919 1008 1967 bat
1021 1946 1030 1962 ,
1048 1933 1144 1964 posse
1166 1928 1200 1954 et
1208 1921 1346 1965 soporat
1362 1934 1421 1964 ope
1441 1920 1528 1965 legi,
1550 1922 1631 1966 quia

950 1979 1019 2006 tres
1034 1972 1150 2017 scripti
1165 1979 1303 2007 voverat.
1320 1973 1545 2007 Burmannus
1561 1987 1632 2008 mo-

950 2031 1042 2060 verat
1056 2026 1241 2060 confirmat
1253 2039 1293 2059 ex
1307 2026 1341 2069 Ι,
1361 2027 1442 2069 268,
1459 2026 1519 2060 ubi
1534 2039 1542 2062 ε
1555 2028 1633 2070 Ipse

951 2090 1031 2110 meoe
1045 2081 1132 2111 movi
1143 2080 1287 2112 callidus
1299 2081 1381 2112 ariis
1394 2090 1498 2121 opus,·
1514 2078 1629 2123 itaque

951 2134 986 2162 et
1018 2141 1112 2163 nunc
1138 2142 1219 2163 cum
1254 2143 1327 2164 uno
1353 2130 1522 2164 Patavino
1547 2144 1630 2174 opus

951 2179 1107 2224 praeserri
1118 2193 1226 2225 posse.
1238 2182 1356 2215 Immo
1365 2195 1456 2226 opem
1471 2190 1608 2227 praestat
1619 2209 1629 2226 ,

952 2232 1031 2276 quia
1057 2246 1172 2267 sermo
1196 2240 1246 2267 est
1273 2233 1315 2267 de
1343 2234 1466 2268 auxilio
1492 2234 1571 2268 lato.
1586 2253 1631 2260 —

954 2284 1054 2330 Regii
1071 2285 1205 2319 codices
1214 2292 1360 2320 moverat
1374 2299 1477 2330 opem.
1494 2287 1634 2321 —Mox
1666 2330 1669 2331 ⁷

953 2336 1008 2371 alii
1027 2340 1121 2382 :fieri
1128 2365 1136 2373 .
1157 2341 1246 2382 quod
1250 2338 1361 2382 facit,
1376 2344 1446 2383 ipse
1461 2346 1560 2373 vetat.

1001 2389 1166 2435 763-758.
1182 2390 1233 2424 lX
1243 2393 1418 2424 Kalendas
1428 2418 1436 2430 ,
1455 2404 1545 2425 anno
1559 2405 1592 2425 u.
1602 2404 1635 2429 c.

955 2441 1018 2475 535
1028 2466 1038 2483 ,
1052 2443 1089 2474 C.
1101 2442 1285 2476 Flaminius
1293 2455 1361 2476 cos.
1371 2445 1422 2476 ad
1426 2445 1537 2477 lacum
1552 2445 1632 2477 Tra-

953 2497 1111 2528 simenum
1120 2520 1128 2531 ‚
1149 2497 1267 2537 spretis
1282 2498 1442 2538 auspiciis
1460 2501 1496 2528 et
1507 2498 1633 2538 pmdi—

950 2548 1017 2589 giis
1029 2572 1037 2583 ,
1060 2546 1180 2579 cecidit
1194 2558 1204 2578 .·
1225 2545 1303 2579 vide
1326 2545 1462 2580 Livium
1473 2572 1482 2589 ,
1504 2547 1608 2582 XXII
1619 2573 1629 2591 ,

958 2610 970 2630 1
988 2604 1023 2631 et
1039 2597 1077 2636 3;
1102 2595 1265 2639 Florum,
1285 2598 1344 2640 Il,
1368 2610 1428 2641 vr,
1453 2601 1511 2641 14:
1538 2598 1632 2634 Plu-

953 2647 1060 2682 tarch.
1072 2648 1107 2681 in
1120 2647 1227 2682 Fabio
1239 2674 1248 2692 ‚
1267 2663 1296 2684 2.
1308 2668 1351 2675 -—
1362 2651 1475 2684 Caesar
1485 2649 1630 2684 Germa-

954 2699 1049 2735 nicus
1074 2698 1214 2745 intellig.
1233 2719 1276 2727 -—
1293 2703 1448 2746 Vincere,
1472 2702 1630 2739 blandius
