1826 3054
572 218 971 264 FASTORUM
1005 219 1132 262 LIB.
1173 220 1242 262 11.

1561 221 1617 280 87

268 316 395 362 Nunc
419 332 595 379 quoque
621 313 727 361 dant
748 311 882 360 verbo
905 310 1097 377 plurima
1119 311 1244 373 signa
1264 310 1408 359 fidem.
1577 335 1619 357 20

206 391 440 440 Pontifices
460 390 519 438 ab
544 392 666 452 Rege
690 401 848 456 petunt
864 427 876 446 ‚
900 400 945 437 et
968 387 1163 437 Flamine
1186 387 1330 445 lanas,

271 470 385 531 Quis
410 467 541 516 veteri
562 466 714 530 lingua
735 467 905 516 Februa
927 485 1088 514 nomen
1109 478 1202 514 erat
1223 486 1234 514 ε

207 546 404 612 Quaeque
425 545 541 612 capit
562 544 691 599 lictor
713 545 922 593 domibus
943 544 1206 611 purgamina
1227 543 1357 592 certis
1371 581 1383 601 ,

271 623 456 671 Torrida
480 642 579 672 cum
601 623 712 671 mica
734 622 849 670 sarra
871 633 1082 670 vocantur
1105 621 1220 669 idem
1242 641 1252 679 ;

208 701 379 749 Nomen
402 701 515 748 idem
538 720 658 748 ramo
676 738 688 758 ,
715 701 791 766 qui
814 719 949 749 caesus
972 700 1027 748 ab
1053 699 1210 748 arbore
1231 716 1340 765 pura
1354 736 1367 755 ,
1584 712 1627 745 25

272 779 402 826 Casta
426 779 703 827 sacerdotum
727 790 927 845 tempora
948 777 1104 827 fronde
1127 777 1248 839 tegit.

204 857 305 921 Ipse
330 875 410 918 ego
428 855 711 904 Flaminicam
731 866 984 922 poscentem
1010 854 1164 902 februa
1182 853 1271 901 vidi
1290 872 1300 900 z

269 933 441 981 Februa
462 934 664 1000 poscenti
686 933 815 1000 pinea
834 933 956 997 virga
980 931 1081 980 data
1103 943 1183 980 est.

207 1011 407 1078 Denique
432 1012 743 1078 quodcumque
767 1023 857 1067 est,
885 1030 974 1076 quo
997 1021 1176 1075 pectora
1198 1001 1352 1056 nostra
1374 1007 1570 1074 piamur,

274 1089 372 1135 Hoc
392 1089 509 1154 apud
532 1089 732 1136 intonsos
755 1106 919 1135 nomen
941 1087 1137 1135 habebat
1160 1104 1276 1134 avos.
1526 1150 1528 1154 ,
1583 1101 1626 1136 30

213 1165 382 1213 Mensis
405 1166 460 1213 ab
482 1165 552 1213 his
575 1166 718 1214 dictus
732 1202 743 1222 ,
768 1176 883 1214 secta
909 1164 1012 1231 quia
1031 1162 1143 1230 pelle
1166 1163 1357 1229 Luperci

280 1242 423 1290 Omne
446 1241 591 1290 solum
613 1242 823 1300 lustrant,
847 1242 981 1307 idque
1005 1240 1180 1306 piamen
1203 1239 1396 1296 habent;

217 1388 235 1404 n
251 1373 374 1408 libelle.
386 1375 564 1409 »—F1·dcm
575 1376 638 1408 dat
650 1380 709 1408 aut
715 1373 814 1417 facit
822 1385 889 1407 verh

215 1429 286 1467 bis,
316 1427 374 1471 qui
391 1439 430 1461 ea
446 1426 633 1461 confimat
656 1433 692 1461 et
713 1439 793 1460 vera
816 1438 887 1460 esse

215 1479 384 1522 ostendit;
410 1479 552 1515 Cortius
577 1480 620 1515 ad
645 1480 782 1515 Sallust.
807 1480 888 1525 Jug.

214 1542 302 1565 xxw
315 1557 325 1573 ,
344 1545 375 1578 9.
390 1531 460 1566 Sed
478 1545 571 1566 nunc
587 1539 638 1566 est
654 1545 662 1566 :
677 1532 887 1566 confirmare

211 1583 501 1629 significationem
526 1584 623 1618 verbi
646 1591 888 1618 memoratam.

213 1653 256 1661 —
270 1636 373 1679 Signa
385 1662 393 1675 ‚
415 1643 630 1681 argumenta.
689 1632 693 1635 ¹

257 1700 309 1720 αι.
322 1687 422 1722 Ritus
434 1700 507 1721 non
519 1687 658 1722 aliunde
670 1694 775 1722 notus
785 1688 890 1722 attin-

214 1740 314 1785 gitur.
330 1742 406 1774 Rea:
422 1754 550 1786 nempe
566 1743 890 1776 sacrorum.—La-

213 1804 277 1825 nas
290 1791 361 1827 illas
376 1793 444 1827 rufi
459 1794 560 1828 fuisse
577 1793 719 1836 coloris,
745 1793 889 1838 Neapol.

215 1857 255 1878 ex
274 1843 384 1878 Clem.
402 1845 499 1880 Alex.
515 1846 648 1880 Strom.
668 1845 758 1888 Vll,
776 1845 891 1889 conii-

216 1895 281 1938 cit,
304 1896 362 1929 ubi
385 1900 449 1945 ἕμα
470 1899 564 1946 cuppa}
586 1897 621 1930 in
646 1896 767 1930 ritibus
787 1895 889 1930 sacris

219 1954 470 1982 memorantur.
482 1948 660 1993 lnterpres
673 1946 888 1993 Francogal-

219 1997 271 2032 lus
294 1999 383 2033 male
401 1999 531 2044 apicem
557 1999 592 2035 in
611 2000 702 2044 pileo
721 1998 891 2035 sacerdo—

221 2050 263 2085 tis
274 2050 442 2095 intelligit.
458 2068 502 2076 —
515 2051 644 2091 Lictor,
666 2063 794 2096 nempe
810 2050 892 2085 Fla-

221 2104 324 2138 minis
347 2103 465 2138 Dialis.
480 2123 524 2130 -
545 2105 651 2138 &rtis
669 2130 679 2144 ‚
708 2106 720 2146 (
737 2116 800 2148 pro
822 2116 892 2148 quo

221 2156 275 2190 alii
294 2155 413 2199 MSS,
426 2159 551 2195 cernis,
575 2158 694 2194 ternis,
712 2154 884 2200 acernis)

222 2209 388 2244 Heinsius
407 2222 472 2243 suo
494 2209 646 2253 periculo
671 2208 799 2242 mutari
822 2207 895 2242 vult

220 2260 257 2293 in
273 2264 387 2297 tersAr,
408 2260 487 2304 quia
504 2260 539 2293 in
563 2259 824 2304 purgationibus
837 2271 895 2293 so-

220 2311 346 2346 lemnis
369 2311 519 2345 formula
539 2319 662 2355 tergere
682 2313 813 2345 humum
837 2317 896 2345 aut

221 2365 338 2398 limina
360 2376 459 2409 aqua.
475 2381 518 2389 —
543 2364 576 2396 T
571 2365 704 2403 orrida,
729 2369 835 2405 tosta,
857 2368 896 2396 ut

221 2427 320 2460 saepe.
342 2414 433 2449 Vide
455 2414 655 2449 Heinsium.
671 2432 714 2439 —
731 2413 785 2448 De
808 2417 898 2448 mica

222 2467 298 2502 salis
312 2467 389 2502 vide
404 2467 447 2502 ad
472 2468 507 2510 Ι,
528 2468 601 2502 338.
624 2486 668 2493 -·
687 2470 810 2502 Puram
832 2481 896 2502 ar·—

222 2524 330 2555 borem
345 2534 416 2557 esse
434 2522 577 2567 pinum,
603 2534 621 2556 e
648 2534 750 2556 versu
777 2522 838 2564 28,
862 2527 898 2555 et

228 2573 298 2607 aliis
314 2573 395 2609 loeis
408 2581 531 2608 monet
546 2573 718 2619 Neapolis.
738 2574 898 2607 Vocatur

223 2640 307 2668 pum
320 2634 460 2673 propter
474 2627 545 2662 vim
561 2625 899 2673 purificandi—Ha-

229 2682 368 2719 maxia-a,
390 2680 554 2715 Flaminis
571 2679 679 2714 Dialis
698 2679 900 2713 mon—Pi-

231 2743 302 2766 πει.
327 2730 449 2766 Helm.
476 2731 542 2777 legi
566 2731 640 2765 vult
660 2733 797 2774 spinea,
819 2729 899 2774 quia

950 1384 1085 1411 veteres
1097 1376 1266 1422 putarint,
1278 1375 1441 1410 omuibus
1450 1376 1630 1421 spinarum

951 1430 1137 1475 generibus
1158 1429 1228 1462 vim
1249 1441 1321 1463 esse
1345 1428 1485 1463 insitam
1513 1441 1629 1463 noxa-

948 1494 1031 1516 rum
1047 1481 1355 1527 depellendarum;
1381 1481 1458 1516 vide
1481 1481 1523 1515 ad
1546 1496 1627 1516 ver-

949 1547 1028 1568 sum
1038 1532 1111 1569 558ss
1124 1534 1293 1568 Burman.
1308 1540 1429 1568 contra
1442 1546 1515 1567 non
1528 1533 1630 1568 dam-

950 1592 1031 1627 nat,
1042 1584 1137 1630 quod
1153 1585 1186 1619 in
1207 1585 1336 1619 Hamb.
1351 1591 1478 1628 exstat,
1493 1587 1625 1628 laureas

951 1650 1106 1683 namque
1123 1644 1159 1672 et
1173 1638 1270 1672 lauro
1295 1644 1430 1672 veteres
1456 1650 1534 1672 usos
1556 1651 1628 1672 esse

950 1689 989 1724 in
1015 1689 1276 1724 lustrationibus
1295 1716 1305 1732 ‚
1327 1689 1401 1732 IV,
1428 1692 1486 1735 741
1512 1702 1551 1734 sq
1565 1715 1574 1731 ,
1593 1696 1630 1723 et

950 1743 1038 1776 loeda
1054 1748 1090 1776 et
1102 1743 1218 1775 laurea
1239 1747 1573 1776 commemorantur.
1586 1759 1629 1766 —

951 1795 1092 1827 Pectora
1108 1805 1172 1837 pro
1187 1806 1326 1837 corpora
1346 1799 1538 1838 agnoscunt
1555 1805 1631 1826 un—

952 1845 1066 1879 decim
1085 1844 1202 1885 MSS;
1221 1844 1281 1879 sed
1291 1847 1428 1888 piantur
1445 1856 1508 1889 pro
1523 1847 1629 1887 pian-

950 1903 1008 1932 tur
1019 1910 1059 1931 ex
1077 1909 1150 1930 uno
1171 1897 1369 1931 Bononien.
1386 1895 1561 1941 amplexus
1579 1903 1631 1930 est

954 1949 1096 1991 Heius„
1117 1954 1156 1982 ut
1174 1948 1219 1983 sit
1236 1947 1292 1982 ille
1311 1947 1441 1982 ovidio
1455 1947 1630 1983 familiaris

952 2001 1158 2047 graecismus.
1184 2018 1229 2025 —
1263 2000 1421 2033 Intonsus
1435 2025 1446 2039 ‚
1482 1998 1629 2034 omnino

953 2053 1102 2098 priscum
1126 2051 1200 2094 Vl,
1222 2050 1303 2094 264,
1320 2054 1472 2085 intonsus
1495 2052 1630 2092 Numa5

955 2104 1080 2139 Horat.
1098 2103 1155 2145 11,
1174 2102 1245 2138 Od.
1262 2113 1309 2136 xv
1321 2128 1330 2145 ,
1354 2115 1387 2138 ιι
1398 2128 1408 2145 ,
1424 2105 1553 2137 intonsi
1561 2104 1631 2137 Ca-

953 2158 1053 2189 tonis.
1089 2156 1235 2189 Tonderi
1263 2154 1415 2189 Romani
1450 2160 1631 2199 coeperunt

957 2208 1034 2243 urb.
1051 2207 1154 2242 cond.
1170 2209 1234 2250 454
1246 2233 1256 2251 ,
1274 2219 1384 2252 quum
1401 2213 1501 2242 antea
1518 2213 1634 2240 essent

956 2258 1087 2293 intonsi
1101 2266 1137 2293 et
1153 2258 1310 2299 barbati;
1333 2258 1423 2293 Plin.
1446 2257 1539 2299 Vll,
1559 2259 1611 2304 59.

1002 2310 1125 2354 31-34.
1140 2310 1321 2346 Februarii
1336 2322 1479 2344 nomen.
1492 2309 1522 2343 F
1522 2315 1632 2343 estus:
1664 2351 1667 2353 -

962 2377 979 2392 κ
998 2363 1207 2404 Februarius
1231 2364 1360 2398 mensis
1383 2362 1513 2405 dictus,
1540 2362 1634 2408 quod

962 2429 980 2445 »υ
999 2421 1075 2449 tum
1087 2440 1098 2458 ,
1115 2414 1150 2449 id
1170 2421 1221 2449 est
1243 2421 1400 2449 extremo
1414 2414 1497 2448 anni
1513 2426 1634 2449 meuse

963 2482 981 2498 υ
999 2466 1145 2512 populus
1155 2465 1392 2509 februar-etur,
1405 2466 1440 2500 id
1454 2472 1505 2501 est
1516 2465 1635 2500 lustra-

962 2532 981 2548 »
998 2526 1097 2553 retur
1110 2531 1150 2552 ac
1165 2524 1373 2563 purgaretur
1390 2529 1399 2551 :
1413 2516 1468 2551 vel
1482 2529 1503 2552 a
1517 2517 1634 2551 Juno-

964 2586 982 2602 n
1001 2584 1045 2606 ne
1061 2570 1231 2613 februata,
1244 2582 1349 2615 quam
1363 2569 1419 2604 alii
1427 2568 1633 2612 sebruahm,

964 2640 982 2656 n
1001 2624 1153 2660 Romani
1178 2623 1361 2658 februalim
1378 2630 1500 2658 vocant
1515 2636 1524 2657 ;
1540 2622 1634 2668 quod

965 2691 983 2707 n
1000 2676 1063 2721 ipsi
1080 2688 1122 2710 eo
1137 2688 1255 2710 mense
1270 2687 1364 2710 sacra
1379 2674 1523 2718 fiebant,
1540 2674 1636 2718 eju,-

967 2743 985 2759 »
1003 2741 1070 2774 que
1087 2727 1182 2764 serie
1196 2734 1296 2763 erant
1309 2726 1521 2773 Lupercalia,
1540 2733 1604 2762 etc-
1619 2740 1638 2756 n
