1826 3054
539 254 614 298 IN
650 253 897 299 ov11311
934 252 1227 297 FAsTos.
1505 254 1593 315 499

176 351 309 398 vitam
320 348 410 398 sere
423 347 695 396 nomadicam
714 347 946 397 ascendere
967 359 1170 413 possunt.
1199 346 1351 395 Palilia
1377 347 1451 396 illa
1474 350 1592 414 (vid.

178 429 294 475 Fast.
318 428 411 484 IV,
440 426 567 491 721)
593 426 689 492 ipsa
721 427 866 474 Roma
898 425 1144 491 antiquiora
1178 424 1431 473 memoriam
1464 426 1597 475 nobis

182 516 408 554 servarunt
424 503 566 561 Pala‘s,
592 504 645 553 de
667 523 756 571 quo
778 504 958 553 numine
976 515 1063 551 tam
1082 522 1238 569 parum
1257 502 1417 569 liquet,
1437 516 1487 552 ut
1505 504 1600 552 aliis

181 583 365 639 semina,
398 581 496 631 aliis
522 601 617 631 mas
646 582 845 631 videatur
866 620 878 640 ‚
914 581 1035 648 quod
1056 580 1110 629 ad
1133 581 1359 646 antiquam
1382 592 1570 630 statuam
1586 619 1598 639 ‚

182 661 306 725 cujus
324 679 452 709 sexus
473 681 563 709 non
584 661 772 728 amplius
790 660 1030 728 apparebat
1043 697 1056 718 ‚
1068 659 1200 708 refert
1214 659 1282 707 Ill.
1303 661 1433 708 Lenz.
1450 660 1547 709 adl.
1561 681 1596 709 c.

183 739 377 788 Plurima
396 759 450 789 eo
471 741 675 798 redeunt,
701 739 995 808 procreationi
1017 738 1354 802 &generationi
1379 757 1473 788 eam
1494 758 1604 806 prae-

182 817 316 866 fuisse
332 856 344 874 ‚
373 817 493 884 quod
519 829 562 865 et
584 818 731 885 ipsum
749 817 850 866 festi
876 834 1039 865 nomen
1060 817 1251 873 indicat;
1278 835 1369 864 non
1387 817 1502 865 enim
1522 837 1604 884 pro

183 894 362 962 pecudis
384 894 528 943 solum
543 932 556 952 ‚
575 895 653 944 sed
676 906 721 944 et
741 894 973 943 mulierum
990 893 1278 951 fecunditate,
1305 913 1356 942 eo
1376 894 1490 943 sesto
1507 907 1607 943 vota

185 983 388 1039 suscepta
409 972 594 1036 legimus
621 978 630 997 ¹
647 1010 659 1030 ‚
680 984 723 1020 et
736 972 869 1021 altera
883 973 1100 1038 scriptura
1111 972 1278 1019 Parilia
1296 972 1348 1036 (a
1361 973 1605 1038 pariendo)

184 1050 272 1098 hoc
290 1062 438 1117 aperte
462 1049 623 1098 innuit.
649 1050 927 1117 Comparatis
950 1050 1156 1116 pluribus
1172 1050 1355 1099 vocibus
1369 1088 1382 1107 ‚
1407 1051 1485 1099 ubi
1499 1052 1520 1099 l
1529 1064 1573 1100 et
1590 1072 1614 1101 r

190 1140 459 1176 commutata
480 1140 607 1183 sunt,
632 1139 677 1176 et
691 1128 731 1175 in
753 1128 997 1177 seinvicem
1012 1128 1240 1186 abierunt,
1267 1128 1419 1191 (caeria
1433 1166 1444 1186 ‚
1465 1128 1580 1177 caelia
1597 1168 1609 1187 ‚

186 1208 347 1269 λείριον,
374 1203 546 1262 lilium;
584 1203 637 1252 cs.
673 1205 794 1270 quod
824 1204 955 1253 Ovid.
980 1216 1120 1253 tentat
1139 1205 1193 1252 de
1216 1204 1439 1252 Remuriis
1464 1216 1507 1252 et
1529 1207 1612 1254 Le-

188 1281 343 1329 muriis
365 1283 386 1342 )
420 1281 508 1347 ipsi
540 1280 769 1347 scriptura!
803 1280 931 1329 Pales
958 1290 999 1329 et
1034 1270 1195 1329 Palili'a
1238 1281 1350 1329 hanc
1385 1281 1613 1330 notionem

190 1361 331 1408 inesse
351 1359 441 1408 fere
463 1360 698 1408 crederem.

262 1436 372 1502 Οριῖς
395 1454 556 1485 nomen
582 1436 757 1484 divitias
781 1447 826 1484 et
854 1435 1125 1503 opulentiam
1151 1435 1287 1503 prisci
1317 1436 1511 1485 hominis
1540 1455 1613 1484 ru-

189 1513 288 1561 stici
305 1551 318 1571 ‚
347 1533 443 1580 quae
466 1515 511 1562 in
531 1514 595 1562 rei
616 1513 830 1580 pecuariae
853 1525 896 1562 et
916 1532 1099 1577 gregum
1120 1513 1345 1562 affluentia
1368 1526 1472 1562 totae
1494 1533 1614 1562 com-

139 1636 153 1651 ,
187 1590 599 1657 prehendebantur‚
631 1590 791 1638 referre
820 1589 1006 1638 videtur.
1035 1591 1133 1656 Ops
1158 1608 1251 1638 esse
1274 1594 1367 1647 oi‘s,
1403 1590 1497 1638 ovis
1515 1627 1528 1648 ‚
1563 1602 1615 1638 ut

190 1672 275 1720 δαὶς
293 1704 306 1724 ,
341 1667 474 1733 daps,
508 1677 551 1714 et
578 1685 603 1713 a
631 1666 798 1732 pecude
827 1664 883 1713 ad
914 1683 1089 1713 omnem
1126 1665 1452 1731 possessionem
1498 1667 1615 1714 anti-

191 1745 343 1812 quitus
364 1742 623 1792 translatum
639 1761 734 1791 esse
745 1742 834 1808 jam
851 1742 977 1807 prius
993 1742 1212 1791 monitum
1228 1755 1296 1792 est
1313 1750 1355 1802 ²3
1378 1743 1464 1792 vid.
1482 1746 1613 1793 Voss.

191 1822 247 1870 ad
265 1821 358 1869 Ecl.
383 1823 454 1878 X;
480 1819 638 1883 Scalig.
664 1820 720 1868 ad
742 1821 858 1867 Fest.
883 1820 928 1867 h.
950 1839 991 1868 v.
1017 1819 1106 1867 Pro
1126 1820 1305 1868 Saturni
1326 1821 1513 1886 conjuge
1527 1822 1616 1886 jam

195 1914 299 1948 tunc
322 1899 457 1947 fuisse
477 1898 675 1946 habitam
690 1934 703 1954 ‚
726 1896 886 1964 Opalia
904 1915 1004 1944 cum
1019 1896 1328 1946 Saturnalibus
1351 1899 1586 1963 conjuncta
1601 1936 1612 1955 ‚

197 1991 240 2026 et
262 1976 376 2043 Opis
400 1995 499 2024 cum
524 1975 652 2023 Rhea
673 2012 686 2032 ‚
721 1974 858 2022 Croni
890 1992 1027 2022 uxore
1048 2011 1061 2031 ‚
1093 1975 1378 2024 commutatio
1408 1975 1613 2024 innuunt.

199 2053 428 2102 Macrobio
453 2054 535 2116 (1,
571 2052 664 2115 10)
686 2052 786 2118 ipso
809 2070 909 2099 cum
922 2052 1116 2100 Saturno
1137 2052 1314 2116 frugum
1333 2064 1378 2101 et
1393 2053 1618 2101 fructuum

200 2143 447 2199 repertores
466 2131 695 2187 dicuntur,
718 2147 837 2177 nunc
850 2142 1060 2195 tanquam
1082 2129 1183 2180 vitae
1197 2129 1395 2180 cultioris
1411 2143 1615 2180 auctores

244 2252 253 2270 ¹
278 2248 407 2284 Tibull.
423 2248 458 2283 11
471 2275 481 2291 ‚
500 2259 542 2291 v,
562 2260 602 2293 9¹
617 2260 625 2281 :
643 2247 692 2280 Et
694 2246 792 2291 selus
808 2259 877 2279 ma·
942 2245 1094 2281 hominis
1108 2246 1215 2292 copiae
1229 2247 1467 2290 versabantur,
1483 2251 1616 2292 πολύμη-

196 2311 294 2337 {mna
303 2304 401 2335 dabit
413 2307 478 2335 etc.
490 2301 633 2334 Festus:
649 2298 775 2333 Parilia
788 2297 877 2332 festa
941 2304 988 2334 λη
999 2326 1009 2339 ,
1032 2302 1187 2349 σολύαρνες
1202 2299 1293 2345 apud
1310 2300 1510 2334 Homerum
1525 2311 1615 2345 saepe

198 2355 260 2389 sibi
285 2352 500 2388 observanda
531 2351 688 2397 judicant
714 2351 874 2396 privatim
940 2351 1124 2385 notionem
1134 2351 1282 2386 divitum
1294 2351 1614 2398 praebeut,utinde

198 2405 278 2449 ipsae
290 2417 429 2450 quoque
442 2414 622 2448 puerperae
635 2402 730 2436 domi
741 2402 777 2436 in
789 2409 875 2436 stra·
935 2406 1080 2447 pecunia
1097 2402 1242 2446 dicitur,
1256 2410 1296 2438 ut
1311 2402 1403 2448 apud
1414 2404 1615 2438 Homerum

200 2460 262 2502 tis,
281 2466 319 2493 ut
335 2457 504 2504 pariendo
526 2457 568 2491 ab
589 2456 631 2490 iis
650 2454 876 2490 stabiliantur.
939 2458 1071 2506 ‹paeon-oe
1094 2457 1328 2499 (aandelndes
1346 2456 1444 2499 Gut)
1459 2468 1538 2501 que
1550 2472 1618 2492 111·-

201 2511 256 2545 De
284 2512 372 2545 votis
396 2522 460 2556 pro
483 2507 623 2555 pecudis
653 2514 777 2553 partu,
797 2506 875 2541 vide
941 2514 1017 2554 μηλι
1020 2525 1062 2548 m
1085 2516 1345 2570 opponuntur,
1378 2516 1415 2545 et
1441 2509 1616 2554 hodieque

201 2563 307 2596 etiam
323 2561 468 2609 Dionys.
482 2561 498 2595 I
511 2588 520 2604 ,
539 2561 598 2603 88,
615 2567 650 2595 et
665 2559 770 2595 Ovid.
787 2559 808 2593 1.
825 2572 854 2594 c.
942 2562 1067 2607 passim
1084 2563 1119 2597 iu
1131 2562 1322 2597 Germania
1336 2567 1453 2598 tauri,
1437 2563 1519 2599 roer'c'
1520 2570 1617 2608 ξ,χ;-,

243 2616 260 2634 ²
282 2614 339 2648 Ab
363 2613 435 2659 ipsa
458 2613 574 2648 forma
590 2613 684 2658 opis.
697 2637 706 2645 .
718 2637 725 2645 .
738 2612 810 2646 ovis
826 2618 876 2646 est
942 2617 1007 2648 das
1027 2616 1102 2649 Gn!
1122 2621 1311 2657 vocantur,
1333 2613 1381 2649 ita
1397 2627 1477 2658 opes
1497 2622 1617 2660 postea

204 2667 308 2713 opilio
322 2693 333 2711 ‚
356 2679 421 2713 pro
437 2680 508 2713 quo
524 2674 560 2702 et
576 2666 679 2700 ovilio
695 2666 878 2711 reperitur.
944 2664 987 2701 de
1018 2665 1180 2700 omnihus
1198 2691 1209 2709 ,
1237 2678 1463 2711 quaecumque
1495 2665 1616 2710 aliquis

207 2721 294 2755 Inde
311 2721 515 2767 opulentus,
533 2721 642 2766 inops.
659 2720 711 2754 Ut
726 2726 843 2753 autem
859 2731 879 2752 a
944 2717 1136 2763 possideat,
1149 2717 1214 2752 dici
1226 2725 1406 2764 coeperunt
1418 2733 1426 2761 ;
1438 2717 1615 2752 vid.Voss.

207 2773 338 2819 pecude
351 2800 361 2817 ,
382 2774 420 2808 in
446 2786 517 2819 quo
540 2786 663 2808 omnes
681 2771 758 2808 fere
779 2771 879 2816 prisci
944 2769 1042 2815 epist.
1057 2769 1166 2816 myth.
1186 2769 1220 2812 1,
1242 2783 1288 2812 ¹7-
