1826 3054
560 224 947 269 FASTORUM
986 227 1114 268 LIB.
1151 227 1244 269 VI.

190 319 366 367 Scilicet
385 318 457 367 hic
483 317 587 366 olim
612 315 799 365 Volscos
824 317 1085 384 AEquosque
1104 317 1279 381 fugatos

255 397 438 445 Viderat
463 397 509 443 in
532 395 722 461 campis,
746 393 907 457 Algida
930 406 1066 451 terra,
1093 394 1195 442 tuis.

192 474 321 523 [Tude
346 474 603 526 suburbano
629 471 771 521 clarus
786 510 797 530 ,
820 472 1039 530 Tuberte,
1062 472 1288 539 triumpho

256 555 418 600 Vectus
443 572 489 600 es
515 552 561 599 in
586 551 749 609 niveis,
776 552 1012 608 Postume,
1040 552 1182 599 victor
1204 552 1342 618 equis.

190 634 290 679 JAM
317 650 389 679 sex
406 669 417 688 ‚
445 643 487 679 et
512 630 695 679 totidem
719 629 838 678 luces
861 629 914 677 de
935 648 1083 679 mense
1108 642 1369 696 supersunt:
1551 647 1615 692 725

260 709 379 756 Huic
398 728 536 756 unum
559 727 742 757 numero
768 720 815 756 tu
840 719 981 756 tamen
1006 707 1116 755 adde
1140 707 1268 755 diem.

191 785 267 834 Sol
293 786 386 834 abit
407 806 429 834 e
454 786 679 842 Geminis,
705 797 749 833 et
771 784 927 834 Cancri
950 785 1078 847 signa
1098 785 1370 834 rubescunt:

258 864 404 930 Coepit
426 863 626 912 aventina
650 862 794 911 Pallas
818 863 864 909 in
886 881 983 910 arce
1009 861 1109 910 coli.

190 941 290 988 JAM
317 952 416 997 tua,
445 940 727 997 Laomedon,
754 939 895 986 oritur
917 957 1084 995 nurus3
1109 950 1292 1004 ortaque
1315 950 1490 987 noctem

257 1016 412 1074 Pellit;
438 1029 481 1065 et
505 1035 527 1065 e
550 1017 689 1083 pratis
715 1035 823 1063 cana
845 1014 1004 1082 pruina
1027 1014 1155 1077 sugit.

1554 1032 1619 1077 730

194 1093 405 1149 Reddita,
432 1092 634 1159 quisquis
659 1094 696 1140 is
720 1104 810 1148 est,
833 1092 1072 1140 Summano
1099 1090 1261 1158 templa
1284 1090 1511 1150 feruntur,

260 1170 399 1226 Tum,
426 1189 562 1236 quum
586 1170 828 1227 Romanis,
853 1170 1046 1236 Pyrrhe,
1071 1169 1292 1217 timendus
1316 1187 1423 1216 eras.

196 1248 333 1295 HANG
358 1267 535 1314 quoque
560 1266 696 1314 quum
720 1247 875 1314 patriis
902 1247 1080 1296 Galatea
1103 1247 1316 1313 receperit
1338 1246 1470 1295 undis
1485 1284 1496 1304 ,

260 1323 483 1390 Plenaque
504 1343 664 1372 securae
689 1335 801 1371 terra
824 1325 986 1390 quietis
1010 1325 1117 1381 erit,

196 1400 347 1463 Surgit
369 1401 542 1448 humo
528 1400 726 1465 juvenis,
751 1400 849 1449 telis
873 1401 1058 1449 adflatus
1082 1402 1233 1460 avitis,

189 1543 270 1573 sual
283 1552 294 1572 ,¹
316 1542 443 1573 austris
467 1539 524 1572 hic
547 1543 602 1572 es!
614 1565 622 1578 ,
658 1540 873 1583 aquilonibus

186 1594 249 1626 ille
257 1592 436 1625 Proximus
447 1603 457 1623 :
468 1603 492 1623 a
503 1597 601 1624 vento
612 1603 729 1624 nomen
743 1597 877 1635 uterque

194 1649 301 1678 tenet:
311 1643 377 1677 hoc
389 1642 577 1687 repetitum
590 1649 640 1677 est
649 1655 691 1676 ex
709 1643 783 1687 111,
798 1644 874 1686 401.

236 1708 309 1740 7²¹·
332 1695 400 1742 Die
430 1695 629 1739 insequenti
663 1707 758 1728 anno
786 1707 820 1730 u.
844 1708 873 1730 c.

192 1747 277 1791 324,
307 1749 427 1782 Volsci
445 1754 481 1782 et
497 1748 601 1792 AEqut'
613 1746 722 1792 fugati
737 1773 746 1790 ,
776 1746 873 1791 quod

194 1800 326 1834 bellum
335 1800 451 1834 Livius
460 1825 469 1843 ,
483 1801 537 1835 IV
548 1826 558 1842 ,
578 1800 707 1847 25-—29
719 1826 728 1842 ,
749 1799 874 1834 descri-

196 1851 272 1895 psit.
290 1851 432 1885 Horum
443 1850 655 1896 populorum
666 1850 768 1885 validi
780 1864 874 1885 exer-

196 1904 284 1938 citus
304 1904 341 1937 in
363 1905 546 1948 Algidum,
575 1911 734 1938 montem
761 1904 871 1949 Latii,

199 1955 354 2000 adeoque
366 1959 600 1997 suburbanum,
612 1965 870 1992 convenerant:

198 2009 278 2043 vicit
294 2021 353 2043 eos
373 2009 417 2041 A.
432 2011 625 2043 Postumius
643 2010 804 2043 Tubertus
820 2009 877 2043 di-

198 2067 328 2103 ctator,
351 2060 403 2094 vir
419 2060 625 2094 severissimi
643 2060 801 2105 imperii,
822 2067 877 2095 at-

200 2126 267 2157 que
287 2111 330 2146 de
350 2112 389 2146 iis
408 2111 646 2156 triumphavit.

252 2166 325 2208 725·
356 2165 454 2197 XIII
474 2165 649 2197 Kalendas
680 2163 797 2196 Julius
825 2164 884 2197 sol

200 2222 323 2252 transit
342 2222 378 2252 ia
406 2219 578 2252 Cancrum.
600 2236 645 2243 —
667 2217 710 2252 In
725 2221 879 2252 acenh‘no

203 2277 322 2305 monte
333 2270 443 2304 Pallas
457 2269 701 2314 antiquissimis
718 2269 880 2315 tempori-

204 2325 267 2359 bus
281 2324 449 2369 templum
462 2322 594 2365 habuit,
607 2323 643 2356 in
657 2321 750 2367 quod
764 2322 879 2357 Livius

206 2377 429 2412 Andronicus
444 2376 588 2410 donaria
602 2389 663 2410 sua
680 2375 813 2410 detulit.

247 2439 321 2476 729.
338 2430 416 2463 XII
423 2430 597 2462 Kalendas
612 2429 790 2463 Summano
802 2434 881 2461 lem-

202 2483 291 2516 vlum
297 2483 469 2515 redditum.
475 2481 683 2517 Summanus.
697 2479 717 2513 d
722 2492 783 2514 eus
789 2491 880 2514 sum-

204 2545 282 2567 mus
298 2533 459 2567 Manium
472 2559 483 2574 ‚
504 2532 608 2566 Pluto
622 2558 631 2575 ,
663 2532 717 2566 cui
733 2531 881 2566 fulmina

205 2593 376 2620 nocturna
401 2585 666 2628 tribuebantur,
687 2593 726 2620 ut
754 2585 882 2620 diuma

206 2638 311 2677 Jovi;
336 2637 491 2680 Plinius,
520 2638 576 2680 ΙΙ,
603 2641 642 2673 52
661 2651 686 2672 s.
712 2638 752 2672 53
772 2651 781 2678 ς
804 2637 883 2671 Au·-

207 2690 362 2735 gustinus
373 2689 416 2723 de
427 2687 531 2724 civit.
543 2689 629 2732 Dei,
647 2689 700 2724 lv
710 2715 720 2732 ‚
742 2690 793 2723 23.
809 2688 882 2724 Se-

205 2741 360 2776 vundum
371 2742 570 2776 Varronem
582 2743 695 2777 cultus
707 2741 810 2786 hujus
823 2741 878 2775 dei

1555 1415 1620 1460 735

940 1539 1012 1585 jam
1036 1552 1055 1573 a
1071 1538 1175 1573 Tatio
1199 1551 1282 1584 rege
1301 1538 1489 1573 institutus.
1510 1538 1621 1572 Tem—

942 1605 1026 1638 pore
1049 1593 1173 1637 Pyrrhi
1189 1604 1283 1625 anno
1309 1604 1342 1626 u,
1366 1605 1395 1625 c.
1416 1592 1480 1636 473
1493 1617 1503 1634 ,
1521 1599 1620 1626 tem—

941 1644 1039 1689 plum
1047 1644 1078 1678 ei
1090 1646 1308 1677 redditum.—
1314 1644 1388 1677 Tua
1404 1656 1506 1677 nurus
1516 1670 1525 1683 ‚
1544 1643 1623 1676 Au-

942 1709 1020 1731 rora
1034 1722 1043 1739 ,
1062 1696 1208 1731 Tithoni
1222 1694 1508 1729 Laomedontidae
1524 1707 1623 1730 uxor.

941 1767 986 1775 -
1008 1750 1105 1782 Cana
1126 1751 1273 1792 pruina,
1298 1754 1338 1781 ut
1363 1746 1535 1781 Heroidd.
1562 1746 1617 1790 V,

944 1803 1003 1842 16;
1023 1803 1147 1847 virgil.
1163 1802 1291 1848 Georg.
1312 1803 1371 1844 11,
1397 1802 1473 1847 376.
1491 1802 1623 1836 Probat

939 1854 1006 1889 hoc
1020 1855 1228 1889 Taubnerus
1241 1880 1250 1897 ,
1267 1867 1332 1888 nec
1347 1853 1490 1888 damnat
1504 1854 1624 1888 Hein—

938 1908 1025 1951 sius,
1041 1919 1254 1952 quamquam
1267 1919 1307 1941 ex
1322 1906 1464 1949 Ursini,
1479 1906 1622 1940 Vossia—

942 1974 990 1995 no
1010 1968 1044 1995 et
1063 1974 1121 1995 sex
1140 1961 1212 1995 aliis
1229 1962 1299 1994 uda
1311 1960 1485 2005 praetulit:
1502 1960 1623 1994 Aron-

941 2013 1007 2048 del.
1023 2014 1194 2059 multique
1213 2013 1268 2048 alii
1285 2017 1373 2053 ima,
1394 2013 1449 2048 vel
1467 2026 1546 2048 una.

992 2066 1158 2112 733-762.
1178 2066 1374 2109 Ophiuchus
1386 2069 1497 2099 orilur.
1522 2064 1621 2100 Olim

940 2116 1056 2151 suerat
1082 2117 1319 2162 AEsculapius,
1348 2130 1455 2161 quern
1482 2117 1624 2162 Jupiter

940 2168 1091 2202 fulmine
1111 2168 1307 2211 interfecit,
1330 2169 1410 2213 quia
1439 2169 1624 2217 Hippoly-

943 2228 1019 2255 tum
1046 2221 1080 2254 in
1111 2221 1216 2254 vitam
1242 2228 1484 2261 revocaverat;
1522 2229 1599 2266 post
1612 2248 1622 2265 ,

944 2272 1115 2318 Apollinis
1128 2284 1227 2306 causa
1237 2298 1247 2315 ,
1257 2272 1351 2306 inter
1360 2271 1473 2306 sidera
1483 2273 1602 2306 retulit
1614 2288 1623 2316 ;

945 2325 1128 2371 HyginuS,
1152 2325 1252 2359 Poet.
1277 2324 1418 2358 Astron.
1439 2324 1496 2366 11,
1520 2326 1625 2368 14.—

947 2380 1098 2416 Galatea
1110 2377 1265 2424 nympha
1281 2378 1417 2412 marina
1429 2404 1438 2420 ,
1455 2378 1562 2412 Nerei
1579 2378 1624 2413 fi-

945 2429 1008 2471 lia;
1028 2430 1192 2477 Hyginus
1218 2430 1311 2475 praes.
1323 2429 1479 2464 -Hanc
1494 2443 1625 2477 nempe

945 2483 1121 2517 Auroram
1138 2496 1146 2523 ;
1164 2483 1255 2528 vulg.
1274 2483 1384 2517 Hunc.
1398 2501 1442 2508 —
1459 2483 1532 2517 Pro
1547 2487 1627 2519 telis

944 2534 1107 2569 nonnulli
1112 2536 1279 2579 flammis.
1301 2535 1360 2569 sed
1379 2537 1447 2569 tela
1462 2535 1622 2572 solemne

946 2586 989 2620 de
999 2586 1202 2620 fulminibus
1213 2600 1222 2627 ;
1233 2588 1312 2620 telis
1321 2588 1483 2631 adflatus,
1498 2593 1538 2621 ut
1552 2587 1621 2630 111,

946 2637 1051 2671 Pont.
1071 2648 1109 2671 vl
1123 2664 1132 2681 ,
1158 2651 1217 2683 17,
1241 2651 1259 2667 κ
1288 2637 1459 2672 Fulminis
1480 2637 1626 2674 adflatos

945 2687 1126 2723 interdum
1151 2689 1269 2724 vivere
1293 2689 1369 2724 telis
1385 2689 1549 2724 Vidimus
1570 2705 1579 2731 ;
1607 2705 1624 2719 υ

946 2741 1068 2786 Virga,
1081 2741 1220 2777 AEneid.
1232 2743 1269 2778 Π
1286 2769 1294 2784 ,
1311 2743 1396 2790 649,
1416 2759 1432 2772 «
1453 2743 1625 2779 Fulminis
