1826 3054
502 244 910 300 FASTORUM
946 256 1082 300 LIB.
1127 255 1166 299 1.
1497 257 1552 298 25

202 348 313 412 Quae
335 348 536 414 sequitur
555 367 741 398 numero
763 349 897 398 turba
916 360 1066 398 notata
1086 347 1184 396 fuit.

135 428 197 475 At
217 428 359 475 Numa
379 445 460 475 nee
478 428 641 476 Janum
657 464 669 485 ,
692 445 772 482 nec
795 427 931 476 avitas
954 427 1150 494 praeterit
1170 425 1372 484 umbras,

201 503 433 552 Mensibus
457 503 650 570 antiquis
672 505 967 570 apposuitque
990 504 1113 552 duos.

137 581 209 628 NE
231 593 394 628 TAMEN
418 580 596 643 ignores
619 580 839 628 variorum
857 582 953 647 jura
976 581 1173 630 dierum:
1501 591 1557 636 ,45

201 659 304 706 Non
325 658 460 707 habet
484 657 617 706 officii
639 657 816 706 Lucifer
839 658 984 706 omnis
1005 658 1135 706 idem.

136 735 216 785 Ille
236 736 432 785 nefastus
453 736 560 793 erit,
586 755 667 802 per
687 754 818 801 quem
838 735 921 783 tria
942 735 1075 783 verba
1097 733 1309 783 silentur:

201 816 359 862 Fastus
382 814 489 870 erit,
512 831 593 879 per
615 831 745 879 quem
769 810 865 874 lege
890 811 1040 860 licebit
1063 811 1145 874 agi.

137 891 236 939 Neu
259 902 355 939 toto
377 902 570 958 perstare
592 890 662 938 die
685 908 763 938 sua
782 889 880 954 jura
899 889 1096 956 putaris3

203 967 296 1031 Qui
316 967 405 1032 jam
428 967 568 1015 fastus
589 966 699 1024 erit,
724 984 851 1015 mane
871 965 1069 1014 nefastus
1092 977 1196 1014 erat.
1408 962 1411 964 ’
1519 977 1561 1009 50

138 1046 252 1093 Nam
276 1044 409 1093 simul
432 1056 531 1093 exta
552 1045 652 1092 Deo
676 1043 777 1092 data
798 1055 903 1092 sunt
917 1082 929 1102 ,
954 1043 1057 1092 licet
1079 1043 1226 1091 omnia
1247 1042 1350 1099 fari,

183 1184 235 1228 43.
254 1183 367 1218 Erant
382 1183 467 1217 olim
480 1209 490 1226 ,
513 1189 654 1217 auctore
673 1180 818 1216 cenos-

140 1234 220 1269 rino
231 1261 241 1277 ,
253 1247 325 1280 cap.
339 1246 381 1268 ao
392 1260 402 1277 ,
420 1233 479 1279 qui
491 1234 645 1268 Numam
661 1232 819 1267 dicerent

142 1286 304 1321 ordinem
317 1292 453 1320 tantum
464 1285 639 1318 mensium
650 1283 819 1317 retexuis-

142 1352 178 1374 se
191 1365 201 1383 ,
222 1346 257 1373 et
271 1339 425 1384 primum
442 1337 592 1383 posuisse
606 1363 616 1379 ,
637 1336 696 1381 qui
711 1334 819 1370 suerit

142 1392 206 1426 sub
236 1389 390 1425 Romulo
416 1388 623 1424 undecimus
641 1413 652 1430 ‚
678 1386 820 1421 Janua-

143 1445 232 1479 rium
242 1469 252 1487 ,
270 1443 323 1478 vel
340 1443 420 1488 quia
428 1442 556 1484 Janus,
571 1440 668 1474 Deus
683 1439 797 1484 biceps
807 1465 817 1482 ,

142 1504 177 1532 et
189 1496 351 1531 transacti
361 1495 443 1529 anni
455 1494 564 1529 finem
575 1493 752 1539 respiciat,
762 1491 821 1526 fu-

141 1548 280 1593 turique
291 1547 474 1592 prospiciat
485 1545 666 1591 principia,
677 1544 730 1579 vel
738 1543 820 1590 quia

142 1600 258 1634 Numa
271 1604 361 1632 artes
369 1597 484 1632 civiles
497 1596 660 1643 praeserre
671 1595 821 1630 voluerit

141 1650 269 1684 bellicis
279 1676 288 1694 ,
299 1650 433 1684 Janum
447 1649 542 1683 enim
556 1648 708 1682 civilium
717 1646 820 1682 fuisse

139 1703 311 1739 cultorem
322 1728 332 1746 ,
345 1702 522 1747 vitamque
532 1700 644 1735 seram
658 1699 821 1734 mollivis-

139 1769 186 1790 se.
210 1756 287 1801 lpse
306 1755 512 1790 Plutarchus
529 1754 566 1788 in
583 1767 661 1788 eam
680 1759 822 1788 senten—

141 1809 226 1842 tiam
237 1807 391 1842 inclinat.
410 1806 481 1842 Sed
497 1806 565 1842 vid.
579 1805 696 1842 Ideler
706 1805 740 1840 d.
751 1805 774 1840 l.
788 1818 821 1850 p.

143 1860 217 1906 347.
227 1859 430 1895 Secundum
441 1859 610 1895 Nostrum
620 1885 630 1902 ,
642 1858 699 1894 111
710 1884 720 1902 ‚
738 1857 798 1891 153
810 1883 820 1901 ,

143 1911 178 1946 id
192 1910 272 1946 fecit
288 1918 427 1945 auctore
445 1909 824 1958 Pythagorae-Avitus

142 1965 293 2002 umbras,
312 1975 440 2007 nempe
459 1962 550 2007 justa
564 1961 642 1996 Diis
657 1961 823 1996 Manibus

144 2014 367 2050 solvebantur
377 2014 443 2048 hoc
454 2027 573 2049 mense
583 2028 592 2058 3
603 2014 640 2049 11
652 2040 661 2058 ‚
675 2014 739 2048 533
748 2027 821 2059 sqq.

146 2066 203 2102 De
218 2066 362 2102 nomine
374 2065 452 2100 vide
465 2066 501 2100 11
515 2091 524 2110 ,
541 2079 579 2114 19
589 2066 825 2112 sqq—Appo-

144 2124 283 2165 suitque.
297 2121 351 2154 Ita
368 2118 439 2152 duo
459 2118 556 2153 MSS
574 2119 715 2154 Farnes.
731 2132 824 2154 unus

146 2173 275 2209 Medic.
284 2170 471 2216 Gottorph.
484 2178 519 2205 et
529 2170 659 2206 Glossae
671 2171 825 2216 Rumph.

148 2225 219 2260 Sed
227 2237 272 2259 un
277 2224 422 2258 usMore
427 2223 450 2257 ti
452 2226 710 2267 postposuitque,
716 2235 827 2268 quum

146 2278 249 2323 vulgo
265 2275 449 2310 exhibeant
458 2278 709 2319 proeposuilque.
727 2275 828 2309 Neu-

147 2337 200 2365 tra
209 2328 399 2364 lectioserri
409 2334 522 2373 potest
532 2342 540 2369 ;
549 2340 701 2372 namque
710 2327 827 2363 Numa

147 2382 356 2417 Januarium
372 2379 557 2426 praeposuit
568 2406 578 2423 ,
595 2379 827 2414 Februarium

147 2441 269 2468 contra
278 2434 314 2467 in
325 2432 528 2466 annifinem
541 2431 680 2477 rejecit,
695 2438 733 2466 ut
742 2432 829 2466 Nos-

148 2491 203 2519 ter
213 2485 283 2530 ipse
296 2485 332 2519 II
345 2511 354 2527 ‚
369 2485 429 2531 49,
446 2489 580 2517 monet.
597 2483 694 2517 Alios
708 2491 827 2518 tamen

149 2544 308 2572 auctores
327 2536 528 2571 Macrobius
549 2543 687 2571 secutus
703 2543 776 2578 est;
802 2536 829 2571 is

151 2590 247 2624 enim
257 2616 266 2633 ,
280 2591 478 2631 secundum,
497 2588 629 2634 inquit,
645 2589 763 2623 Numa
773 2591 830 2622 di-

151 2646 243 2676 cavit
251 2643 377 2676 Februo
389 2644 473 2676 Deo.
487 2641 602 2687 Prope
617 2641 660 2675 ad
675 2648 832 2676 nostram

152 2692 337 2727 lectionem
351 2693 540 2737 accedunt,
553 2693 612 2738 qui
628 2695 764 2728 addidi!
773 2696 832 2727 ille

153 2743 333 2787 exhibent3
349 2757 418 2789 quo
429 2745 535 2788 verbo
547 2751 580 2780 et
593 2744 648 2780 alii
663 2744 705 2780 de
716 2744 779 2781 hac
791 2758 829 2781 re

885 1182 935 1216 usi
951 1188 1051 1225 sunt,
1066 1189 1101 1216 et
1115 1180 1206 1227 quod
1225 1181 1455 1226 praetulerunt
1474 1179 1564 1214 Mit-

883 1234 1005 1270 scherl.
1024 1241 1127 1278 atque
1144 1233 1293 1268 Lenzius
1305 1240 1341 1268 et
1355 1232 1412 1267 hic
1423 1232 1567 1277 quidem

884 1298 927 1320 eo
939 1312 948 1329 ‚
966 1286 1060 1330 quod
1078 1284 1227 1320 Ovidius
1237 1297 1436 1331 pronomen
1448 1287 1507 1318 ille
1520 1285 1567 1319 sic

884 1336 992 1371 soleat
1011 1349 1142 1382 ponere
1155 1362 1164 1379 ,
1189 1343 1229 1370 ut
1256 1335 1292 1370 II
1305 1362 1314 1378 ,
1334 1349 1396 1381 277
1410 1361 1419 1378 ,
1435 1336 1510 1370 285.
1524 1353 1568 1360 —

884 1389 985 1434 Regii
1003 1396 1071 1424 tres
1094 1388 1227 1423 habent
1243 1391 1447 1433 proponit,-
1474 1394 1509 1421 at
1531 1387 1568 1421 in

883 1439 1000 1474 codice
1013 1439 1043 1474 C
1056 1446 1107 1474 est
1122 1439 1232 1485 glossa
1243 1441 1380 1474 addidit
1389 1466 1399 1480 ‚
1416 1451 1493 1484 quae
1504 1451 1568 1483 pro

885 1490 1034 1526 lectione
1052 1498 1166 1536 posset
1179 1491 1296 1536 recipi.
1312 1493 1379 1526 Ed.

929 1543 1053 1587 45-52.
1070 1544 1125 1577 De
1138 1545 1330 1577 discrimine
1344 1544 1471 1576 dierum
1487 1554 1568 1576 con-

884 1596 938 1631 fer
958 1596 1130 1631 Macrobii
1146 1595 1219 1630 Sat.
1232 1596 1268 1639 1,
1288 1606 1349 1638 xv,
1367 1595 1416 1629 16.
1434 1594 1569 1629 Discri—

885 1649 982 1683 mina
1001 1649 1091 1683 bene
1110 1655 1210 1683 vocat
1226 1649 1312 1693 jura
1332 1654 1368 1682 et
1388 1648 1536 1693 officium
1552 1659 1564 1689 ;

886 1713 964 1746 quae
974 1714 1066 1735 voce.
1078 1701 1122 1735 ab
1134 1700 1336 1735 hominibus
1352 1700 1569 1734 translata.—

890 1753 1184 1799 OfficiiHeinsius
1194 1767 1236 1788 ex
1247 1753 1439 1788 veterrimo
1449 1753 1570 1786 Patav-

887 1804 1004 1850 primo
1014 1804 1179 1839 Medic-eo
1190 1812 1226 1839 et
1235 1804 1415 1839 nonnullis
1426 1804 1498 1838 aliis
1512 1803 1573 1837 de·

887 1857 948 1892 dit.
968 1856 1097 1892 Caeteri
1109 1883 1120 1900 ,
1136 1857 1288 1903 officium
1299 1857 1571 1892 idem—Verbis

887 1923 930 1944 ne
940 1913 1070 1954 ignores
1088 1922 1162 1944 non
1178 1909 1431 1945 Germanicum
1451 1923 1572 1945 rursus

889 1962 1076 2008 alloquitur
1090 1977 1098 2004 ;
1116 1963 1177 1997 sed
1195 1962 1346 1997 formula
1357 1970 1410 1997 est
1420 1975 1570 2009 genera—

888 2015 946 2059 lis,
964 2015 1119 2050 tenenda
1132 2022 1215 2050 sunt
1230 2016 1431 2061 jura.—-Ex
1444 2016 1571 2051 Numae

888 2066 1049 2102 instituto
1065 2080 1188 2102 omnes
1201 2067 1274 2103 dies
1285 2075 1387 2103 erant
1398 2067 1570 2113 veisa-sti,

889 2119 945 2153 vel
953 2119 1116 2164 profesti,
1130 2120 1184 2154 vel
1198 2122 1359 2154 intercisi.
1371 2121 1498 2160 Festtlr,
1513 2119 1573 2164 qui

890 2172 997 2206 etiam
1019 2173 1150 2217 nefasti
1169 2172 1374 2207 dicebantur
1391 2199 1401 2216 ,
1432 2173 1575 2207 inerant

890 2224 1058 2259 sacrificia
1068 2250 1079 2270 ‚
1096 2225 1206 2271 epulae
1216 2251 1225 2268 ‚
1239 2224 1331 2268 ludi,
1349 2224 1455 2260 seriae.
1467 2224 1573 2265 Conf.

893 2274 1008 2309 Varro
1026 2276 1064 2310 L.
1080 2276 1118 2310 L.
1133 2277 1166 2308 V
1180 2303 1190 2320 ,
1208 2278 1239 2321 4.
1251 2278 1397 2312 —Nota
1407 2284 1490 2312 sunt
1508 2280 1575 2310 tria

893 2326 1058 2362 Praetoris
1080 2331 1180 2363 verba
1195 2355 1204 2369 ‚
1230 2329 1354 2374 quibus
1376 2329 1433 2363 hic
1459 2329 1575 2363 omnis

894 2379 1086 2423 jurisdictio
1099 2381 1314 2427 exprimitur.
1325 2400 1370 2407 —
1378 2383 1467 2426 lege
1483 2380 1549 2427 (ex
1561 2381 1575 2423 )

893 2438 1017 2476 agunt,
1040 2433 1100 2477 qui
1117 2459 1127 2476 ,
1148 2434 1375 2478 permittente
1394 2434 1468 2478 lege
1482 2459 1492 2476 ,
1509 2446 1576 2467 ac-

894 2486 1165 2519 cusanc-Dare
1178 2491 1276 2526 exta,
1295 2493 1335 2520 ut
1350 2488 1431 2520 dane
1443 2491 1499 2520 Ius
1515 2493 1576 2521 aut

894 2540 979 2572 turis
994 2539 1136 2571 honores
1155 2537 1316 2574 formula
1338 2538 1522 2573 solemnes.
1533 2558 1577 2565 -

895 2591 1089 2624 Honoratus
1101 2617 1110 2631 ‚
1137 2591 1196 2635 qui
1213 2590 1454 2637 magistratum
1475 2591 1575 2637 gerit.

896 2642 1096 2678 Burmann.
1116 2644 1275 2678 observat
1284 2669 1295 2688 ,
1306 2643 1487 2690 proprium
1498 2656 1582 2689 prae-

897 2694 1031 2729 toribus
1056 2694 1158 2730 fuisse
1186 2694 1367 2741 epitheton
1385 2721 1394 2739 ,
1426 2708 1578 2741 quorum

898 2745 1009 2782 edicta
1018 2747 1080 2790 jus
1092 2748 1302 2782 honoran'um
1315 2746 1416 2781 dicta.
