1826 3054
206 191 293 253 472
726 187 1100 239 Excunsus

128 281 141 293 ”’
205 285 324 334 enim
344 285 433 335 sere
457 282 612 335 iisdem
637 286 782 336 verbis
800 306 848 337 ac
869 288 1059 337 Ovidius
1073 326 1085 347 ‚
1112 306 1208 355 quae
1230 288 1397 352 integra
1419 289 1466 337 in
1489 288 1632 358 lapide

207 380 477 436 supersunt:

271 451 388 500 Ludi
415 446 478 500 M.
507 452 562 499 D.
589 452 655 500 M.
682 452 716 499 I.
741 449 1011 513 Megalensia
1042 463 1281 511 vocantur,
1320 454 1440 520 quod
1467 474 1517 503 ea
1539 455 1635 503 Dea

208 533 370 583 Micale
399 532 659 601 appellatur.
700 532 931 583 Nobilium
954 535 1226 583 mutilationes
1255 554 1456 584 coenarum
1495 536 1634 585 solita:

207 627 313 665 sunt
333 616 587 683 frequenter
608 614 702 664 fieri
719 653 731 674 ,
757 616 876 683 quod
898 617 1045 665 Mater
1064 618 1228 680 Magna
1252 637 1302 666 ex
1328 617 1454 666 libris
1483 617 1635 684 Sibyl-

206 697 311 748 linis
336 698 539 748 arcessita
561 697 706 747 locum
725 700 892 748 mutavit
908 719 960 748 ex
982 699 1173 767 Phrygia
1194 701 1396 749 Romam.
1424 730 1475 737 —
1499 701 1634 765 Quod

208 780 244 829 si
270 792 476 847 praeterea
502 780 772 840 observaris,
795 793 847 831 ut
866 782 954 830 sere
978 782 1022 830 in
1047 781 1257 830 omnibus
1272 782 1639 849 explicationibus

211 862 403 912 Ovidius
436 883 535 913 cum
562 865 797 913 Fastorum
834 865 1285 914 commentationibus
1308 866 1565 923 conveniat,
1596 877 1641 914 et

204 962 298 994 non
322 965 423 995 raro
447 946 503 995 ab
528 946 582 995 iis
603 947 819 1013 pendeat,
847 948 919 996 vix
947 948 1000 996 de
1023 948 1203 996 veritate
1237 947 1471 1004 lectionis,
1509 967 1639 1014 quam

206 1028 454 1092 Fogginius
474 1028 562 1077 boc
589 1028 688 1078 loco
711 1029 862 1087 affert,
882 1029 1123 1079 dubitabis.
1151 1031 1306 1095 Quum
1331 1030 1447 1079 enim
1473 1029 1642 1077 mutita-

210 1112 337 1160 tiones
359 1123 404 1160 et
424 1112 613 1161 mutitare
634 1113 703 1161 vix
727 1133 752 1161 a
773 1125 956 1162 mutuus
982 1133 1075 1163 esse
1097 1114 1242 1181 possit
1257 1151 1269 1171 ‚
1293 1113 1370 1162 sed
1385 1113 1536 1181 potius
1558 1112 1645 1160 sre-

211 1194 518 1261 quentativum
541 1195 666 1243 verbi
684 1205 816 1252 muto,
840 1207 893 1244 ut
912 1197 956 1246 Ο
981 1207 1026 1245 et
1047 1197 1088 1242 V
1107 1196 1301 1245 indicare
1324 1195 1544 1253 videntur,
1560 1214 1643 1262 pro

210 1277 409 1333 mamila,
439 1277 562 1344 quod
581 1277 795 1327 Heinsius
817 1277 982 1337 voluit,
1018 1278 1180 1328 stlutita
1196 1275 1432 1342 legendum
1457 1296 1616 1327 censeo
1631 1314 1642 1332 ‚

211 1370 264 1406 ut
282 1358 458 1409 convit’ia
471 1360 615 1408 mutila
632 1360 747 1408 idem
766 1361 849 1420 sit,
875 1361 998 1428 quod
1012 1360 1282 1409 mutilationes
1305 1379 1509 1409 coenarum
1527 1360 1647 1426 apud

213 1442 419 1492 Verrium
437 1481 449 1501 ‚
477 1455 519 1492 et
539 1443 830 1511 sequentibus
851 1444 1052 1494 versibus
1070 1444 1263 1493 Ovidius
1282 1444 1516 1491 obscuram
1533 1442 1647 1490 hanc

210 1544 364 1596 vocem
389 1525 658 1575 illustratum
689 1539 772 1576 eat.
803 1555 855 1564 -
882 1528 921 1575 E
953 1539 1161 1576 contextu
1194 1545 1289 1575 eam
1320 1525 1531 1574 excidisse
1573 1524 1643 1572 vix

213 1607 412 1666 mireris,
439 1627 576 1676 quum
597 1608 643 1657 in
671 1607 804 1659 Gellii
826 1608 940 1659 locis
962 1609 1110 1659 eadem
1132 1607 1334 1658 lectionis
1363 1608 1547 1657 varietas
1574 1606 1645 1656 sit.

216 1690 403 1740 Verrius
425 1710 578 1740 omnes
599 1691 807 1740 vindicat.

279 1772 403 1821 Fast.
439 1772 536 1830 IV,
572 1772 680 1840 378.
718 1775 963 1822 Fortunam
996 1771 1229 1822 Publicam
1261 1783 1474 1821 sacratam
1509 1771 1571 1819 ait
1604 1771 1647 1819 in

218 1853 330 1902 colle
354 1854 579 1920 Quirinali
602 1854 674 1904 his
697 1855 899 1904 versibus
919 1874 930 1904 :

397 1968 473 2015 Qui
490 1969 584 2006 dicet
595 1995 605 2014 ,
625 1969 807 2016 quondam
823 1976 955 2006 sacrata
972 1977 1024 2006 est
1040 1970 1126 2006 colle
1148 1969 1296 2015 Quirini

483 2038 561 2073 Hac
576 2037 736 2073 Fortuna
754 2035 810 2073 die
830 2037 972 2073 Publica
988 2063 997 2079 ,
1016 2049 1119 2072 verus
1135 2036 1214 2071 erit.

220 2127 403 2179 Verrius
424 2111 543 2179 adu·
564 2128 592 2175 5
611 2126 754 2196 April.
774 2127 890 2177 Ludi
907 2129 1116 2176 Fortunae
1131 2124 1323 2195 publicae
1346 2125 1499 2174 citerio
1516 2163 1525 2172 .
1541 2162 1551 2173 .
1570 2163 1579 2172 .
1607 2124 1651 2172 in

223 2210 362 2270 colle3
386 2230 575 2279 eumque
597 2209 809 2278 supplens
832 2210 1080 2273 Fogginius
1103 2208 1189 2271 legi
1219 2207 1317 2256 vult
1343 2206 1538 2261 citen'm-i,
1575 2206 1652 2255 sed

220 2295 277 2344 ad
291 2296 503 2343 Fortunae
519 2292 650 2343 Publ.
668 2293 832 2343 resen-i.
847 2294 1089 2344 Fortunam
1107 2290 1354 2340 citeriorem
1371 2301 1514 2339 autem
1534 2307 1652 2338 eam-

224 2378 322 2426 ‹iem
347 2396 441 2427 esse
463 2375 579 2435 vult,
605 2395 736 2444 quam
759 2375 878 2425 Plut.
895 2377 1064 2440 Qnaest.
1090 2393 1201 2423 rom.
1230 2372 1312 2440 73,
1338 2375 1484 2438 βρέὸεμ
1503 2383 1651 2427 vocat,

222 2459 268 2507 id
294 2471 386 2517 est,
410 2459 535 2509 brevi
560 2458 849 2508 obventuram
868 2496 880 2517 ‚
902 2458 1025 2507 brevi
1057 2456 1369 2515 necessariam,
1391 2454 1525 2520 hujus
1549 2453 1651 2502 diei.

222 2542 309 2591 Sed
334 2542 551 2591 citenbrem
572 2543 817 2591 Fortunam
840 2539 1045 2591 absolute
1076 2539 1140 2608 ita
1163 2538 1367 2606 usurpari
1389 2555 1544 2604 posse,
1579 2555 1656 2584 ve·—

220 2619 447 2670 hementer
461 2620 644 2670 omnino
662 2618 823 2669 dubito
835 2656 847 2679 ,
867 2628 911 2669 et
929 2637 1066 2686 quum
1081 2617 1163 2667 alia
1178 2615 1435 2685 explicatio,
1456 2635 1542 2683 qua
1555 2615 1651 2663 cite-

224 2703 324 2752 riori
340 2702 382 2752 in
403 2703 506 2754 colle
524 2703 792 2771 jungantur,
817 2713 982 2771 praesto
996 2702 1081 2762 sit;
1107 2700 1268 2751 dubito
1285 2718 1341 2748 au
1364 2698 1437 2748 ina
1452 2715 1655 2765 unquam
