1826 3054
511 191 909 237 FASTORUM
951 193 1079 236 LIB.
1126 195 1233 237 ΙΙΙ.

231 284 463 354 Squalenti
482 284 601 332 Dido
626 283 962 347 sanguinolenta
985 303 1110 333 coma
1124 322 1137 342 ‚

1495 209 1519 235 2
1526 208 1583 257 09

1515 299 1585 344 640

164 364 249 418 Et,
274 363 393 425 Fuge
408 399 419 418 ,
442 381 496 410 ne
520 361 701 419 dubita,
727 373 933 410 moestum
955 361 1081 424 fuge,
1106 362 1247 409 dicere
1263 399 1275 420 ‚
1300 373 1475 411 tectum.

231 439 324 487 Sub
349 439 529 487 verbum
552 438 758 505 querulas
780 437 958 505 impulit
978 457 1081 487 aura
1100 438 1229 487 sores.

166 517 352 574 Exsilit3
382 529 426 565 et
444 516 572 565 velox
595 516 755 565 humili
776 536 910 583 super
932 536 1032 565 arva
1051 517 1241 566 fenestra

233 596 289 642 Se
312 593 415 659 jacit
436 613 445 641 :
466 593 672 642 audacem
697 593 858 642 fecerat
878 593 974 659 ipse
994 594 1151 641 timor:

170 672 359 736 Quaque
382 682 502 718 metu
526 671 717 736 rapitur,
741 670 891 720 tunica
912 670 1053 719 velata
1076 671 1264 719 recincta
1279 709 1291 730 ,

1523 686 1591 731 645

235 748 412 804 Currit,
436 758 488 795 ut
511 746 675 794 auditis
701 748 850 796 territa
872 747 997 797 dama
1020 747 1151 815 lupis.

170 825 388 887 Corniger
408 825 521 873 hanc
541 824 715 890 cupidis
737 826 936 890 rapuisse
955 822 1187 874 Numicius
1207 826 1339 874 undis

236 902 467 959 Creditur,
490 914 536 950 et
558 902 725 964 stagnis
750 901 996 951 occuluisse
1020 903 1125 951 suis.

171 979 354 1027 Sidonis
378 981 543 1028 interea
563 998 726 1041 magno
751 978 940 1027 clamore
963 999 1044 1046 per
1066 999 1195 1043 agros

238 1057 492 1120 Quaeritur:
515 1068 730 1122 apparent
753 1056 878 1118 signa
899 1067 1104 1121 notaeque
1128 1056 1302 1121 pedum.

172 1184 311 1216 adstare
327 1188 391 1215 etc.
407 1179 507 1215 Idem
522 1179 732 1225 figmentum
748 1179 852 1214 habet

175 1231 279 1266 Silius
292 1246 338 1266 vs.
358 1232 417 1266 165
432 1258 441 1274 ,
460 1232 518 1266 ubi
531 1231 626 1265 Dido
640 1232 738 1276 plura
748 1231 853 1264 verba

174 1285 266 1319 facit.
288 1285 403 1319 Etiam
427 1284 560 1318 Didoni
583 1285 620 1318 in
637 1284 768 1318 somnis
791 1296 854 1328 ap-

177 1345 337 1383 paruerat
352 1337 517 1384 Sychaeus
526 1335 728 1372 interfectus
735 1361 746 1378 ‚
758 1347 854 1369 eam-

177 1402 243 1434 que
260 1388 380 1434 sugere
396 1389 563 1434 jusseram
581 1387 716 1430 AEn.1,
733 1387 855 1422 353.—

177 1441 261 1475 Post
278 1453 375 1476 coma
392 1441 579 1474 maximam
598 1439 855 1484 interpunctio-

175 1505 258 1527 nem
270 1492 306 1526 in
316 1492 500 1527 minimam
512 1491 737 1533 mutavimus,
750 1498 854 1536 atque

176 1545 281 1579 etiam
299 1551 377 1590 post
393 1546 443 1578 Et
459 1543 654 1578 incidimus.
674 1543 733 1578 Sic
750 1541 856 1577 facilis

176 1596 350 1643 procurrit
361 1596 489 1631 oratio:
500 1596 572 1630 visa
582 1602 633 1629 est
648 1594 783 1629 adstare
795 1594 856 1628 Di-

176 1650 221 1684 do
237 1657 273 1684 et
284 1649 398 1685 dicere
409 1676 419 1693 ,
429 1648 664 1694 Fuge-Vulgo
680 1661 689 1682 ε
703 1646 850 1691 Effuge,

176 1715 216 1736 ne
239 1704 356 1736 dubita
372 1729 382 1742 ‚
409 1708 560 1736 mestum
573 1728 582 1739 ‚
609 1713 724 1739 soror,
746 1698 859 1743 effitge

176 1759 295 1787 tectum
307 1764 320 1795 ‚·
333 1753 389 1787 alii
404 1753 514 1788 aliter.
526 1751 694 1786 Heinsius
703 1751 859 1785 haerebat

176 1804 214 1837 in
225 1816 308 1839 voce
321 1811 467 1838 mestum
479 1831 486 1843 ,
506 1804 622 1848 itaque
636 1802 739 1848 paulo
752 1802 859 1837 auda-

179 1857 251 1891 cius
267 1856 383 1891 locum
398 1857 447 1891 sic
461 1855 588 1901 refingi
605 1855 743 1889 volebat
758 1867 767 1889 z
783 1856 859 1889 Heu

170 1909 275 1952 fuge,
293 1921 336 1942 nc
348 1910 486 1946 dubita.
497 1907 692 1951 funestum,
708 1909 773 1945 ait,
796 1908 860 1940 beu

171 1959 258 2003 suge
270 1965 402 1994 lectum.
419 1960 556 1994 Verum
573 1964 725 1992 mestum
742 1959 784 1992 ab
801 1957 860 1992 es—

180 2013 274 2047 sectu
284 2010 528 2057 dictum‚quod
537 2023 727 2045 moerorem
734 2010 859 2054 injici13

183 2064 318 2107 Livius,
335 2065 385 2107 V,
403 2064 445 2107 43
459 2090 468 2107 ,
485 2063 767 2106 mastasorluna.

225 2118 301 2161 542.
317 2119 383 2152 Sub
395 2119 529 2151 verbum
543 2116 682 2150 Marsus
696 2114 786 2150 male
802 2127 865 2149 ex-

183 2169 305 2213 plicat,
321 2169 417 2213 quasi
428 2169 465 2202 in
479 2168 550 2202 fine
562 2167 752 2202 verborum
764 2166 864 2200 illius.

185 2221 301 2255 Immo
321 2222 383 2254 sub
399 2222 531 2253 verbum
550 2218 586 2252 id
606 2218 699 2263 quod
720 2220 770 2251 nd
782 2230 864 2251 ver-

183 2275 276 2312 burn,
295 2272 414 2314 audito
430 2272 497 2306 boc
510 2272 859 2313 verb0.—Querulas,

185 2332 224 2359 ut
237 2338 363 2360 sonum
377 2326 774 2362 ederent—Recitata,
790 2323 865 2356 sine

186 2388 274 2410 zona
291 2403 300 2419 ,
326 2377 407 2422 quia
423 2390 441 2410 e
461 2377 550 2411 lecto
573 2375 753 2410 exsilierat.
774 2374 868 2409 Alias

185 2432 365 2462 succincta·
375 2428 582 2470 currebant,
595 2439 665 2472 quo
681 2425 868 2471 expeditio-

190 2494 246 2515 res
258 2487 383 2515 essent.
400 2480 516 2515 Etiam
533 2481 606 2515 Vll
621 2480 766 2513 Metam.
787 2479 867 2512 182:

191 2538 299 2566 vestes
324 2534 442 2566 induta
466 2535 645 2566 recinctus.
671 2530 777 2575 Apud
804 2530 870 2564 Si-

192 2583 278 2617 lium
288 2607 299 2626 ,
316 2582 376 2622 188
389 2606 398 2624 ‚
415 2583 519 2624 Anna
528 2582 615 2628 sugit
625 2609 635 2625 ,
648 2597 665 2612 «
678 2582 775 2617 tenui
790 2593 871 2615 cor-

195 2650 212 2664 »
230 2646 293 2680 pus
319 2633 491 2668 velamine
517 2641 617 2669 tecta.
643 2648 660 2663 »
689 2632 871 2668 Caeterum

195 2686 319 2721 Heius.
333 2684 474 2729 conjicit
491 2686 625 2731 Quoque
634 2691 740 2719 metus
754 2687 872 2728 rapuit.

327 2751 414 2798 VI.

1528 1069 1597 1103 650

962 1180 1036 1225 647.
1053 1181 1241 1214 Numicium
1253 1191 1413 1222 amnem,
1428 1180 1488 1225 qui
1506 1180 1599 1215 inter

919 1231 1137 1266 Laurentum
1160 1238 1196 1265 et
1214 1232 1397 1266 Lavinium
1423 1232 1598 1267 decurre—

918 1283 978 1317 bat
989 1309 998 1326 ,
1016 1283 1145 1318 Noster
1162 1282 1323 1318 describit
1341 1284 1430 1319 XIV
1449 1283 1601 1319 Metam.

919 1333 983 1367 602
993 1346 1068 1378 sqq.
1079 1333 1237 1368 Lacubus
1252 1334 1371 1368 multis
1387 1334 1599 1380 interceptus

920 1391 997 1420 erat
1013 1411 1024 1429 ‚
1050 1392 1087 1419 et
1109 1385 1181 1420 leni
1206 1393 1306 1429 motu
1329 1386 1448 1421 similis
1468 1394 1601 1432 stagno.

921 1436 1017 1471 Hinc
1029 1436 1135 1471 etiam
1147 1436 1232 1471 AEn.
1245 1436 1318 1472 Vll
1331 1439 1427 1480 ,--150
1436 1464 1448 1481 ‚
1463 1452 1480 1467 «
1494 1437 1602 1472 sontis

922 1503 941 1518 ν
957 1495 1080 1534 stagna
1094 1490 1246 1525 Numici.
1263 1503 1281 1519 »
1297 1509 1345 1516 —
1363 1492 1521 1534 Corniger
1538 1503 1602 1525 so—

920 1540 1039 1575 lemne
1050 1541 1232 1586 epitheton
1248 1540 1458 1586 fluviorum,
1476 1542 1602 1587 quibus

922 1592 977 1626 vel
991 1600 1136 1638 propter
1149 1593 1324 1639 mugitum
1341 1607 1530 1638 aquarum,
1547 1594 1604 1628 vel

922 1651 1067 1690 propter
1091 1652 1293 1680 curvaturas
1315 1659 1437 1680 earum
1454 1673 1464 1691 ,
1491 1647 1605 1692 capita

924 1705 984 1732 aut
999 1710 1130 1732 cornua
1147 1699 1286 1733 taurina
1304 1699 1410 1733 tribui
1422 1699 1580 1734 solebant
1594 1713 1603 1734 :

927 1750 1086 1794 Corniger
1099 1751 1249 1791 Tiberir,
1266 1750 1521 1794 AEneid.v111,
1541 1765 1580 1798 77
1594 1766 1603 1793 ;

924 1802 995 1847 ipse
1020 1802 1202 1837 Numicius
1222 1803 1382 1847 Corniger
1400 1803 1489 1838 XIV
1514 1804 1605 1838 Met.

925 1853 1146 1888 Gom—Olim
1160 1854 1330 1889 edebatur
1344 1857 1481 1892 tumidis
1490 1857 1602 1896 undis,

926 1918 1011 1950 quas
1027 1905 1082 1940 alii
1097 1905 1267 1941 imbribus
1289 1915 1404 1942 auctas
1422 1907 1605 1952 interpre-

925 1958 1111 2002 tabantur,
1139 1959 1195 1993 alii
1221 1959 1264 1993 ad
1288 1960 1415 1994 amoris
1439 1959 1604 1995 affectum

925 2010 1143 2057 reserebant;
1168 2011 1227 2046 sed
1255 2012 1346 2046 bene
1372 2011 1539 2046 Heinsius
1565 2024 1607 2046 ex

927 2062 1097 2097 Arondel.
1110 2063 1243 2097 Mazar.
1256 2063 1391 2098 zulich.
1400 2076 1451 2109 pr.
1465 2063 1607 2099 Fames.

928 2120 963 2147 et
978 2114 1088 2148 tribus
1103 2114 1176 2149 aliis
1186 2143 1196 2159 ,
1219 2122 1295 2149 tum
1310 2128 1351 2149 ex
1367 2115 1467 2149 Voss.
1485 2115 1545 2160 qui
1560 2115 1608 2150 sic

928 2177 993 2210 pro
1009 2165 1144 2201 diversa
1156 2166 1305 2202 lectione
1323 2167 1427 2202 habet
1443 2193 1453 2211 ,
1476 2169 1610 2211 cupidis

929 2218 1073 2263 recepit,
1084 2219 1283 2264 quod-bene
1293 2220 1409 2255 studio
1418 2221 1583 2255 convenit
1596 2246 1605 2263 ,

931 2283 1001 2315 quo
1024 2271 1205 2306 Numicius
1226 2285 1330 2317 opem
1352 2272 1485 2307 ferebat
1507 2272 1610 2307 labo-

931 2322 1033 2356 ranti.
1057 2322 1224 2357 Heinsius
1240 2330 1276 2358 et
1289 2323 1486 2358 Broukhus.
1502 2322 1609 2357 etiam

930 2375 1032 2408 undis
1043 2374 1080 2407 in
1089 2376 1180 2408 ulnis
1189 2375 1317 2409 mutari
1328 2374 1504 2417 volebant,
1512 2373 1612 2419 quod
1621 2396 1623 2398 -

933 2433 968 2460 et
977 2425 1186 2460 Taubnerus
1198 2426 1240 2460 ad
1255 2426 1531 2471 prosopopoeiam
1544 2438 1612 2471 pu-

932 2485 982 2513 tat
999 2479 1110 2523 aptius
1125 2492 1207 2513 esse.
1223 2478 1281 2514 sic
1292 2492 1375 2514 sane
1391 2480 1446 2514 XI
1462 2480 1610 2514 Metam.

932 2530 976 2564 63
985 2555 994 2571 ,
1007 2529 1173 2575 Orpheus
1185 2531 1385 2567 Eun-idicem
1397 2534 1529 2575 cupidis
1543 2545 1612 2566 am-

927 2584 1088 2625 plectitur
1109 2585 1220 2616 nlnis.-
1237 2581 1309 2617 Sed
1334 2582 1377 2617 de
1398 2582 1506 2617 fluvio
1522 2583 1613 2622 bene

934 2634 1031 2666 unde
1040 2641 1300 2675 memorantur;
1312 2634 1416 2669 Silius
1426 2647 1513 2669 vers.
1528 2648 1586 2682 ¹9¹
1603 2647 1612 2669 :

937 2698 957 2714 κ
976 2684 1101 2720 Donec
1114 2698 1260 2722 arenoso
1272 2712 1282 2730 ‚
1299 2686 1346 2721 sic
1356 2685 1448 2721 sama
1459 2712 1469 2729 ,
1485 2686 1617 2723 Numi-

1384 2751 1431 2805 ¹4
