1826 3054
514 154 915 200 FASTORUM
948 156 1077 199 LIB.
1117 157 1221 199 ΙΙΙ.

1495 171 1582 218 207

163 250 315 299 Litore
341 248 501 307 dotali,
529 247 626 298 solo
649 248 884 297 comitatus
904 248 1095 306 Achate,

227 327 451 375 Secretum
472 325 592 374 nudo
618 325 723 374 dum
747 325 857 392 pede
880 325 1021 392 carpit
1042 324 1150 384 iter,

163 405 368 472 Adspicit
389 416 607 454 errantem
621 442 634 463 ,
657 423 738 453 nec
763 403 936 452 credere
958 403 1148 452 sustinet
1169 405 1343 452 Annam

1513 418 1580 452 605

226 485 336 532 Esse
357 503 367 531 ε
388 482 496 549 quid
517 482 562 530 in
585 482 739 531 Latios
761 480 837 530 illa
857 481 1024 530 veniret
1043 482 1210 544 agros?

162 561 280 609 Dum
302 579 447 610 secum
470 561 657 618 AEneas;
682 560 811 608 Anna
835 572 926 617 est,
950 557 1160 607 exclamat
1182 558 1375 607 Achates
1394 578 1405 606 :

227 639 300 687 Ad
322 658 484 687 nomen
505 637 655 694 vultus
678 636 862 686 sustulit
882 636 957 684 illa
979 655 1098 684 suos.

163 716 268 779 Quo
289 715 461 778 fugiat?
480 715 587 782 quid
611 715 746 778 agat?
768 732 882 780 quos
902 724 1026 761 terrae
1051 724 1216 778 quaerat
1236 712 1421 764 hiatus?

224 793 342 842 Ante
361 792 515 841 oculos
538 793 706 841 miserae
727 791 816 839 fata
841 789 1007 839 sororis
1027 801 1163 838 erant.

1519 805 1586 839 610

162 870 334 928 Sensit,
360 882 402 918 et
424 870 667 937 alloquitur
690 868 909 935 trepidam
935 867 1195 934 Cythereius
1216 867 1372 926 heros;

226 945 326 994 Flet
348 958 491 995 tamen
518 946 749 995 admonitu
771 944 957 1002 mortis,
982 943 1152 1002 Elissa,
1177 956 1275 993 tuae.

162 1025 291 1072 Anna
306 1063 318 1081 ,
342 1043 421 1090 per
440 1024 553 1072 hanc
574 1024 676 1089 juro
690 1060 702 1081 ,
727 1041 859 1089 quam
883 1020 1106 1088 quondam
1127 1021 1279 1071 audire
1302 1020 1476 1071 solebas

225 1101 448 1150 Tellurem
471 1102 561 1150 fato
586 1100 867 1168 prosperiore
889 1099 1010 1156 dari3

163 1181 335 1247 Perque
358 1181 480 1228 Deos
504 1180 686 1228 comites
699 1216 712 1237 ,
732 1178 814 1227 hac
832 1196 976 1244 nuper
997 1176 1100 1225 sede
1120 1175 1291 1226 locatos
1304 1214 1316 1235 ,

1519 1190 1587 1224 615

230 1257 353 1323 Saepe
376 1276 493 1305 meas
520 1255 622 1305 illos
645 1255 916 1322 increpuisse
940 1273 1096 1314 moras.

163 1334 254 1381 Nec
279 1333 405 1382 timui
427 1333 482 1382 de
504 1345 648 1381 morte
673 1345 844 1390 tamen;
868 1342 1012 1379 metus
1031 1330 1177 1378 abfuit
1196 1330 1280 1379 iste
1299 1350 1309 1378 :

226 1412 312 1460 Hei
334 1411 468 1459 mihi!
495 1409 698 1459 credibili
719 1409 880 1458 fortior
902 1408 978 1456 illa
997 1407 1095 1469 fuit.

161 1489 226 1535 Ne
250 1487 364 1536 refer
384 1508 394 1535 :
413 1487 595 1555 adspexi
615 1506 707 1535 non
729 1486 808 1535 illo
829 1498 1009 1553 pectore
1032 1485 1166 1550 digna

224 1565 419 1615 Vulnera
433 1603 446 1624 ,
470 1567 707 1615 Tartareas
729 1584 864 1614 ausus
887 1565 1006 1613 adire
1030 1564 1201 1616 domos.

163 1700 180 1715 n
197 1684 296 1719 liaret
307 1710 316 1727 ,
334 1697 379 1718 ne
395 1684 458 1719 sub
474 1683 602 1718 eodem
614 1684 692 1729 jure
703 1683 835 1727 solum,

163 1751 180 1765 n
196 1735 256 1770 sed
272 1736 377 1770 etiam
389 1736 533 1769 nomine
548 1743 663 1770 essent
674 1762 683 1778 ,
696 1734 838 1770 Latinos

163 1802 180 1815 »ι
199 1794 383 1832 utramque
399 1794 541 1833 gentem
556 1786 747 1832 appellavit.
766 1801 838 1817 »—

163 1839 257 1874 Cum
289 1841 363 1875 solo
390 1842 524 1875 Achate
539 1867 547 1881 ,
581 1841 708 1875 comite
735 1839 808 1874 fido
823 1866 834 1884 ,

162 1892 293 1927 AEneas
309 1893 461 1928 ambulat
475 1893 583 1928 etiam
601 1893 685 1927 AEn.
702 1893 719 1928 1
732 1919 742 1935 ,
760 1893 835 1927 312.

161 1945 266 1990 Apud
280 1946 405 1981 Silium
417 1959 464 1981 vs.
478 1959 513 1992 7¹
527 1972 536 1990 ,
555 1946 695 1981 Annam
707 1945 838 1981 AEneas

159 1998 255 2033 videt
270 2012 368 2034 sacro
380 2003 558 2034 comitatus
571 2000 656 2033 Iulo.
667 2017 711 2024 —
724 2001 830 2042 Quid,

160 2051 288 2085 scilicet
307 2058 452 2097 petens,
481 2063 552 2097 quo
579 2051 723 2086 consilio
738 2076 748 2094 ,
775 2063 839 2085 cur

161 2106 296 2137 uenit-et.

203 2154 280 2189 608.
289 2155 440 2189 Sustulit.
458 2154 551 2189 Libri
567 2153 730 2200 permulti
743 2178 754 2196 ,
770 2159 840 2187 ret—

161 2209 239 2242 tulit
254 2206 346 2252 quod
365 2207 496 2253 respuit
514 2207 750 2242 Burmannus.
766 2204 838 2240 Sed

163 2265 198 2293 et
209 2259 265 2294 111
275 2260 421 2294 Metam.
434 2261 498 2303 245
512 2272 520 2294 z
536 2274 554 2288 «
569 2258 625 2293 Ad
638 2270 770 2292 nomen
781 2270 839 2291 ca-

165 2327 183 2341 »
199 2318 264 2357 put
286 2312 342 2347 ille
366 2312 492 2355 resert;
518 2327 536 2342 υ
553 2319 588 2346 et
601 2311 692 2346 infra
711 2311 777 2353 lv,
795 2323 836 2344 2:

161 2366 213 2397 ad
226 2371 335 2399 vatem
348 2367 462 2399 vultus
477 2367 604 2399 rettulit
615 2366 679 2397 illa
695 2375 784 2397 suos.
794 2381 838 2388 -

168 2416 260 2457 Quos
281 2421 372 2450 (εν-νε
395 2423 519 2461 querat
540 2418 653 2450 hiatus
668 2418 689 2451 ?
710 2415 813 2449 Silius
825 2440 835 2458 ‚

164 2467 236 2510 lv,
246 2467 327 2502 332:
341 2482 360 2499 α
370 2467 506 2514 Fugere
517 2467 665 2503 infixum
678 2474 750 2511 est,
765 2475 838 2502 ter-

166 2533 183 2548 »
200 2531 317 2564 raeque
342 2527 507 2565 optantur
536 2519 658 2555 hiatus.
679 2535 696 2551 »ι
726 2519 839 2554 Aliter

164 2570 238 2606 haec
253 2571 334 2606 ficta
350 2584 369 2605 a
383 2571 468 2606 Silio
482 2585 529 2607 vs.
552 2573 592 2618 73
607 2587 615 2614 ;
637 2572 684 2606 ibi
706 2572 839 2606 AEneas

166 2637 184 2652 u
203 2630 306 2657 terroe
328 2622 475 2658 defixam
502 2624 619 2659 oculos
636 2650 647 2667 ,
669 2631 713 2659 et*
726 2624 837 2657 multa

166 2687 184 2702 v·
201 2675 386 2709 timentem
402 2700 412 2716 ,
439 2675 491 2711 Ac
518 2675 645 2711 deinde
674 2676 836 2720 allapsam

1496 1573 1499 1575 Δ
1519 1580 1587 1613 620

905 1697 923 1712 n
943 1681 1090 1728 genibus
1111 1680 1335 1727 lacrymantis
1358 1679 1446 1724 Iuli,
1468 1681 1590 1717 Attol-

904 1749 922 1764 »
937 1734 986 1768 lit.
996 1732 1204 1777 »—Defletu
1212 1731 1364 1766 heroum
1375 1731 1468 1766 haud
1479 1733 1584 1768 inde-

904 1799 988 1822 coro
1003 1785 1083 1820 vide
1099 1784 1282 1832 Heynium
1300 1785 1344 1819 ad
1358 1784 1442 1819 AEn·
1459 1786 1497 1830 Ι,
1510 1799 1566 1833 92.

944 1838 1020 1873 613.
1036 1838 1172 1873 Italiam
1183 1837 1490 1882 circumloquitur,
1506 1850 1583 1883 quae

892 1891 975 1935 sato
990 1891 1022 1925 ei
1037 1890 1231 1931 destinata3
1247 1889 1402 1924 imitatus
1417 1890 1588 1925 Nostrum

902 1950 955 1978 est
965 1943 1070 1978 Silius
1080 1955 1169 1978 vers.
1180 1944 1242 1977 105
1254 1955 1262 1976 :
1276 1957 1294 1972 «
1303 1941 1484 1976 Tellurem
1493 1942 1586 1978 hanc

903 2009 921 2025 ²»
938 1996 1018 2040 juro
1028 2021 1038 2039 ,
1052 2002 1133 2029 vota
1145 1996 1239 2029 inter
1249 2000 1367 2029 nostra
1377 1993 1586 2039 frequenter

903 2063 923 2079 »
939 2048 1108 2083 Auditam
1121 2048 1226 2082 vobis.
1235 2062 1252 2078 ν
1263 2049 1408 2082 -Deos
1420 2051 1582 2090 comt'tes,·

902 2099 1054 2134 Penates
1071 2125 1081 2143 ,
1107 2112 1193 2144 quos
1213 2111 1333 2134 secum
1349 2099 1459 2143 Troja
1476 2099 1584 2134 elatos

903 2151 1004 2186 Latio
1016 2152 1133 2186 intulit
1144 2166 1153 2193 3
1164 2151 1250 2186 AEn.
1262 2152 1278 2186 l
1289 2178 1298 2195 ,
1310 2152 1352 2194 6;
1366 2151 1452 2195 XII,
1467 2164 1583 2198 192.—

903 2206 1128 2249 Incoepm'sse,
1143 2205 1248 2251 signis
1263 2204 1472 2250 quibusdam
1484 2204 1584 2245 datis,

945 2257 1021 2304 619.
1047 2256 1178 2291 AEneas
1198 2269 1308 2301 quum
1327 2257 1364 2290 in
1381 2269 1503 2291 orcum
1519 2256 1585 2290 de-

902 2310 1113 2353 scendisset,
1131 2310 1179 2344 ibi
1197 2310 1304 2344 etiam
1324 2309 1505 2344 Didonem
1527 2309 1583 2343 vi·-

903 2364 954 2398 dit
970 2369 1148 2397 recentem
1164 2374 1183 2395 a
1199 2361 1344 2396 vulnere
1357 2387 1366 2404 ,
1389 2368 1426 2395 et
1440 2373 1523 2396 cum
1540 2373 1583 2395 ea

902 2415 1090 2450 collocutus
1111 2420 1186 2454 est;
1213 2413 1296 2448 AEn.
1319 2412 1373 2448 Vl
1391 2439 1400 2456 ,
1424 2415 1488 2457 450
1506 2425 1580 2458 sqq.

903 2468 973 2503 Sed
997 2467 1154 2512 longiore
1175 2467 1334 2501 oratione
1355 2466 1462 2501 Anna
1484 2479 1580 2502 nunc

903 2521 934 2554 ei
953 2519 1102 2559 Didonis
1119 2518 1187 2554 fata
1206 2525 1326 2553 narrat
1340 2518 1430 2564 apud
1442 2518 1580 2553 Silium.

901 2589 946 2597 —
960 2573 1035 2606 Non
1051 2574 1153 2615 digna
1171 2573 1232 2604 illo
1242 2577 1396 2614 pectore,
1418 2582 1496 2616 quae
1513 2569 1580 2604 tale

902 2630 1021 2670 pectus
1045 2635 1119 2657 non
1143 2629 1320 2657 meruerat
1336 2648 1347 2666 ,
1377 2635 1488 2667 quum
1511 2622 1580 2656 tale

902 2682 1021 2720 pectus
1038 2674 1219 2709 meliorem
1240 2680 1371 2710 sortem
1389 2673 1579 2709 meruisset.
