1826 3054
506 290 911 335 FASTORUM
947 291 1081 333 LIB.
1115 291 1217 333 111.

1493 291 1573 333 163

160 390 263 436 Haec
289 387 368 435 ubi
391 385 600 450 coguovit
621 380 868 433 contemtor
891 381 1096 430 Amulius
1120 382 1233 449 aequi
1252 419 1264 440 ‚

224 467 333 513 Nam
356 466 502 530 raptas
525 461 649 510 fratri
670 461 813 510 victor
832 460 1028 509 habebat
1045 453 1177 527 opes,
1535 475 1579 509 50

160 543 303 591 Amne
318 541 446 606 jubet
466 540 603 603 mergi
626 539 826 602 geminos
847 558 859 586 :
882 537 1025 586 scelus
1046 538 1165 586 unda
1186 537 1378 601 refugit3

136 614 142 619 ’
226 621 279 667 In
302 619 415 666 sicca
437 616 564 684 pueri
588 616 889 665 destituuntur
907 611 1061 664 humo.
1107 620 1110 623 ’
1236 606 1239 608 ,

164 699 294 746 Lacte
318 696 417 763 quis
440 695 628 744 infantes
649 695 793 743 nescit
817 694 1001 751 crevisse
1022 693 1191 751 ferino,

229 776 290 822 Et
310 773 459 840 picum
481 770 695 838 expositis
719 789 832 838 saepe
858 770 1011 819 tulisse
1038 771 1197 819 cibos?

164 854 268 900 Non
290 870 371 914 ego
398 861 440 898 te
454 887 467 907 ‚
492 860 623 898 tantae
641 849 793 896 nutrix
811 846 1015 897 Larentia
1040 850 1184 912 gentis
1198 886 1211 906 ‚
1539 866 1582 899 55

228 931 319 977 Nec
343 940 507 976 taceam
528 938 720 984 vestras,
744 922 954 974 Faustule
975 945 1168 993 pauper,
1196 946 1315 993 opes.

164 1008 321 1054 Vester
338 1005 485 1053 honos
507 1003 674 1060 veniet,
695 1002 832 1069 quum
849 1002 1097 1051 Larentalia
1119 1003 1259 1051 dicam
1280 1023 1291 1052 :

230 1084 450 1149 Acceptus
474 1081 612 1145 geniis
634 1080 709 1129 illa
731 1080 961 1128 december
982 1080 1129 1128 habet.

166 1161 329 1210 Martia
352 1171 417 1208 ter
440 1177 571 1207 senos
592 1157 742 1224 proles
763 1156 1009 1206 adoleverat
1033 1177 1175 1207 annos
1189 1196 1201 1216 ‚

232 1241 292 1286 Et
313 1238 492 1286 suberat
512 1235 629 1284 ssavae
648 1235 737 1300 jam
758 1254 870 1283 nova
894 1235 1033 1283 barba
1054 1254 1215 1284 comae:
1544 1253 1590 1286 60

171 1315 395 1364 Omnibus
415 1312 620 1377 agricolis
642 1324 1031 1378 armentorumque
1054 1312 1276 1375 magistris

170 1460 204 1488 xe
223 1450 394 1499 Dionysio
406 1476 416 1493 ,
433 1449 570 1495 signum
596 1448 770 1494 ἀφανισμοῦ
790 1456 846 1487 τῖς

168 1509 287 1543 xilem.
304 1503 438 1549 Lipsius
452 1501 495 1536 de
514 1502 621 1535 Vesta
633 1527 643 1543 ,
658 1513 730 1546 cap.
748 1502 779 1535 8.

212 1559 265 1605 49.
284 1555 491 1591 Revolvitur
504 1566 547 1588 eo
557 1579 566 1596 ‚
580 1552 673 1598 quod
690 1553 762 1596 jam
780 1552 818 1587 11
833 1578 843 1595 ,

168 1612 234 1648 385
248 1622 311 1655 sqq
322 1635 332 1652 ,
343 1607 513 1654 copiosius
526 1605 838 1649 narravit—Opes,

166 1673 328 1707 regnum.
340 1660 399 1695 Sic
413 1660 559 1692 Deorum
570 1670 649 1703 opes
658 1684 667 1697 ‚
680 1657 753 1690 Liv.
770 1657 800 1699 1,
815 1657 846 1699 4.

166 1716 254 1750 —In
270 1713 385 1749 verbis
401 1714 513 1748 scelus
525 1713 617 1747 unda
632 1708 758 1753 refugit
773 1711 847 1743 non

163 1767 300 1801 malum
314 1765 537 1811 figmentum.
547 1781 592 1789 —
604 1762 661 1797 De
668 1763 751 1805 pico
765 1759 846 1794 vide

167 1819 210 1853 ad
227 1829 368 1853 versum
386 1817 439 1863 37.

224 1874 279 1907 55.
297 1872 480 1905 Faustulus
492 1896 501 1910 ‚
525 1868 580 1902 vir
606 1867 737 1909 bonus,
760 1865 848 1912 regii

168 1922 302 1968 pecoris
310 1920 475 1966 magister
484 1946 493 1962 ,
506 1919 549 1954 ab
559 1919 640 1965 ipsis
655 1916 848 1952 Arcadibus

172 1972 327 2007 Evandri
343 1971 527 2007 comitibus
537 1996 547 2014 ,
564 1980 674 2015 genus
686 1969 846 2012 ducebat,

171 2032 402 2070 montemque
424 2023 596 2058 incolebat
623 2022 849 2057 Palatinum:

171 2077 279 2112 Dion.
290 2077 321 2119 1,
334 2086 456 2118 Lxxxx,
471 2087 504 2119 p.
515 2075 580 2116 204
588 2080 624 2108 et
640 2075 717 2116 218,
734 2073 849 2108 Reisk.

172 2128 304 2172 —Ejus
315 2139 403 2161 uxor
412 2125 560 2160 hocloco
570 2135 642 2158 non
651 2125 717 2159 nisi
729 2125 766 2159 iu
776 2137 849 2159 uno

172 2179 303 2214 Medic.
319 2185 355 2212 et
370 2176 479 2212 altero
495 2175 627 2210 Matar.
636 2187 702 2221 pro
715 2175 851 2210 diversa

171 2232 321 2266 lectione
350 2231 510 2264 Larentia
523 2234 685 2267 vocatur:
703 2239 787 2262 nam
813 2228 851 2262 in

172 2285 305 2319 raeteris
323 2283 418 2318 libris
435 2283 619 2315 Laurentia
637 2283 755 2315 eistat.
782 2279 854 2313 Va-

172 2339 266 2373 riant
283 2349 365 2372 sane
378 2335 416 2369 in
431 2334 499 2369 hoc
513 2333 658 2368 nomine
674 2339 852 2367 auctores:

174 2387 267 2434 apud
280 2387 490 2434 Dionysium
502 2398 576 2420 uon
592 2385 659 2419 nisi
670 2397 718 2419 un
724 2398 761 2419 us
776 2384 852 2418 cod.

174 2443 357 2475 Laurentia
365 2439 470 2473 habet
479 2453 487 2479 ς
496 2437 555 2473 sed
565 2437 740 2472 Plutarch.
750 2437 854 2471 Rom.

176 2491 242 2534 lv,
258 2498 293 2525 et
305 2490 439 2534 Quaest.
457 2488 563 2523 Rom.
576 2502 608 2533 p.
629 2490 710 2531 105,
723 2491 854 2523 Accam

175 2544 368 2577 Larentiam
381 2549 500 2583 vocat3
517 2549 620 2587 atque
632 2542 681 2575 ita
695 2548 731 2575 et
743 2553 762 2575 a
773 2542 855 2575 Ma-

175 2594 268 2628 crob.
280 2594 318 2637 1,
331 2593 404 2628 Sat.
415 2605 439 2628 x
449 2619 459 2637 ,
473 2593 596 2627 Macro
606 2599 746 2627 auctore
756 2618 765 2635 ‚
777 2592 856 2627 scri-

174 2647 279 2681 bitur.
296 2646 352 2680 Ab
363 2645 435 2680 istis
446 2641 646 2680 auctoribus
655 2651 690 2679 et
708 2645 771 2678 alia
786 2645 857 2677 La-

175 2702 285 2734 tentia
298 2706 599 2736 commemoratur,
608 2724 619 2741 ‚
633 2698 725 2732 culta
741 2703 775 2731 et
786 2697 856 2741 ipsa

178 2766 196 2785 a
214 2751 383 2786 Romanis
405 2777 415 2794 ,
447 2763 524 2795 quae
550 2752 652 2786 Anco
666 2756 671 2761 '
687 2756 856 2795 regnante

177 2804 300 2839 vixerit
321 2830 331 2847 ,
357 2803 556 2849 populoque
586 2814 734 2836 romano
758 2813 858 2847 agros

909 1447 1077 1493 quosdam
1087 1447 1452 1493 reliquerit.—Gentls
1463 1454 1594 1494 num,-

910 1499 991 1544 quia
1009 1499 1122 1544 gentis
1136 1506 1316 1534 auctorem
1332 1501 1538 1538 nutriverat.
1547 1521 1591 1529 —

914 1554 1004 1597 Opes
1013 1552 1103 1597 ipsos
1115 1565 1240 1598 pueros
1247 1552 1414 1589 educatos
1423 1554 1577 1601 intellige
1585 1582 1593 1590 .

910 1605 1025 1639 Vocat
1051 1617 1131 1647 opes
1144 1630 1153 1644 ‚
1186 1617 1265 1649 quae
1288 1605 1378 1640 bene
1396 1611 1597 1651 paupertati

910 1656 1245 1702 opp—Larentalia,
1259 1656 1301 1691 ab
1310 1656 1382 1701 aliis
1398 1659 1593 1693 Lamztina-

911 1712 963 1744 11'a
975 1715 1146 1743 vocantur
1157 1720 1166 1742 ε
1176 1708 1408 1754 agebanturX
1419 1709 1500 1744 Kal.
1511 1710 1594 1744 Jan.

911 1779 956 1786 —-
970 1762 1139 1805 Acceptus
1155 1764 1279 1805 geniis,
1305 1761 1366 1796 ubi
1391 1761 1595 1808 indulgetur

913 1812 1017 1859 genio
1036 1812 1277 1847 conviviorum
1294 1812 1477 1848 hilaritate.
1494 1814 1593 1860 Virg.

913 1866 956 1901 G.
970 1866 987 1901 1
996 1892 1006 1909 ,
1017 1866 1083 1900 300
1093 1879 1102 1900 :
1114 1879 1131 1894 α
1140 1865 1342 1912 Frigoribus
1350 1872 1450 1910 parto
1457 1865 1595 1911 agrico-

915 1934 934 1949 »
952 1919 994 1954 lae
1014 1918 1221 1965 plerumque
1241 1917 1427 1960 fruuntur,
1445 1918 1595 1952 Mutua-

913 1976 931 2002 'u
949 1983 1017 2019 que
1032 1971 1125 2006 inter
1139 1983 1176 2006 se
1191 1969 1260 2005 laeti
1277 1969 1436 2005 convivia
1446 1975 1593 2004 curant:

915 2039 934 2055 »
951 2025 1081 2060 Invitat
1089 2021 1596 2070 genialishiemsfnsseneigitur

914 2075 1153 2111 Decembrem
1166 2075 1234 2110 hoc
1240 2074 1396 2120 epitheto
1403 2073 1596 2116 amavit„—

916 2129 992 2163 Non
1003 2135 1134 2162 taceam
1147 2132 1181 2162 te
1194 2138 1205 2168 ‚·
1224 2127 1380 2162 solemne
1394 2126 1431 2160 in
1442 2125 1597 2173 hymnis.

915 2179 1043 2214 Horat.
1058 2179 1095 2222 I,
1113 2178 1185 2214 od.
1199 2189 1257 2214 ΧΠ
1281 2192 1289 2214 :
1308 2193 1326 2209 «
1344 2179 1470 2223 Neque
1486 2183 1520 2212 te
1542 2177 1596 2211 si-

918 2244 937 2260 »
953 2230 1032 2264 lebo
1044 2256 1054 2274 ,
1072 2230 1187 2264 Liber.
1199 2244 1218 2260 κ
1231 2229 1323 2264 Vide
1338 2229 1455 2264 Bentl.
1466 2227 1511 2262 ad
1527 2229 1594 2270 lv,

918 2281 991 2318 od.
1006 2292 1047 2316 tx
1059 2308 1069 2325 ,
1082 2281 1136 2317 31.
1154 2280 1335 2317 Caeterum
1347 2282 1477 2317 Noster
1486 2287 1523 2316 et
1533 2279 1598 2314 ali-

917 2335 952 2369 bi
966 2340 1183 2380 premonet,
1201 2334 1286 2379 quid
1306 2334 1401 2368 libris
1412 2332 1597 2379 postremis

917 2393 1119 2421 cantaturus
1133 2386 1178 2420 sit
1188 2411 1197 2428 ‚
1211 2392 1252 2420 ut
1262 2384 1353 2420 infra
1363 2397 1450 2419 vers.
1466 2397 1538 2431 ¹99·
1550 2384 1599 2419 Et

918 2437 986 2472 hoc
1000 2437 1076 2472 loco
1092 2437 1220 2471 merito
1235 2437 1271 2471 id
1282 2437 1362 2471 facit
1373 2463 1384 2480 ‚
1397 2436 1478 2482 quia
1491 2436 1598 2472 series

916 2503 1038 2524 rerum
1061 2497 1282 2524 narratarum
1313 2501 1410 2524 nunc
1438 2490 1469 2524 F
1469 2489 1595 2524 amtuli

918 2542 1139 2576 mentionem
1154 2548 1350 2586 exspectare
1365 2540 1518 2585 jubebat.

965 2596 1017 2640 59.
1029 2593 1135 2626 Hunc
1150 2593 1265 2637 ipsum
1275 2605 1451 2626 annorum
1463 2605 1595 2628 nume-

920 2656 1002 2679 rum
1015 2643 1118 2678 habet
1128 2643 1271 2690 Dionys.
1286 2643 1316 2686 1,
1333 2653 1454 2686 mxu,
1473 2656 1506 2688 p.
1524 2646 1601 2678 205.

920 2697 1094 2729 -Noaam
1103 2697 1240 2729 barbam
1246 2706 1261 2737 ,·
1271 2695 1400 2730 Noster
1409 2695 1601 2740 elegantius

921 2749 974 2783 lx
997 2748 1144 2782 Metam.
1162 2747 1245 2795 398,
1272 2747 1469 2792 elo'quitur,
1488 2762 1506 2777 «
1523 2747 1598 2781 du-

923 2814 941 2831 »
961 2800 1088 2845 biaque
1106 2808 1228 2847 tegens
1253 2801 1418 2846 lanugine
1434 2800 1560 2842 malas,
1582 2814 1598 2830 υ
