1826 3054
571 169 984 214 FASTORUM
1022 170 1154 212 LIB.
1199 167 1305 211 ΙΙΙ.

289 266 394 321 Est,
419 264 500 325 ait}
520 274 564 311 et
585 261 684 310 saevi
705 261 895 310 flectitur
918 262 983 309 ira
1002 260 1153 309 Jovis:

1561 165 1640 208 183

1578 282 1642 318 290

230 341 316 389 Sed
339 350 551 407 poterunt
572 338 707 387 ritum
727 338 859 386 Picus
880 339 1145 403 Faunusque
1170 336 1323 403 piandi

291 416 507 473 Prodere,
533 415 725 464 Romani
744 434 907 463 numen
931 425 1116 480 uterque
1141 413 1240 463 soli.

229 496 319 543 Nec
339 494 432 542 sine
453 493 496 540 vi
519 491 691 541 tradent
711 513 721 540 ε
743 492 953 540 adhibeto
978 490 1151 539 vincula
1173 491 1338 557 captis,

292 572 440 637 Atque
463 570 547 628 ita,
573 590 660 636 qua
678 569 882 637 possint,
905 569 1074 626 erudit,
1095 581 1186 617 arte
1210 569 1320 635 capi.

227 652 375 699 Lucus
398 649 619 698 Aventino
643 648 823 697 suberat
841 648 966 711 niger
987 646 1099 695 ilicis
1122 647 1279 695 umbra
1294 684 1307 705 ,

1582 660 1646 707 295

292 728 400 790 Quo
421 745 575 793 posses
598 726 694 774 viso
715 725 883 783 dicere,
904 727 1079 774 Numen
1097 724 1225 772 inest.

226 804 279 850 In
303 803 447 851 medio
472 822 649 866 gramen
664 841 676 861 ,
700 821 943 870 muscoque
965 804 1178 870 adoperta
1200 802 1358 850 virenti

291 880 507 928 Manabat
530 900 633 930 saxo
655 900 763 930 vena
787 881 995 948 perennis
1016 900 1152 947 aquae.

228 958 338 1007 Inde
359 959 447 1008 fere
472 959 556 1007 soli
577 961 756 1008 Faunus
776 959 999 1026 Picusque
1018 958 1248 1008 bibebant.

294 1036 395 1083 Huc
418 1036 562 1093 venit,
583 1048 627 1084 et
647 1035 760 1084 sonti
782 1055 860 1084 rex
880 1037 1023 1084 Numa
1046 1046 1206 1084 mactat
1231 1053 1355 1082 ovem
1375 1054 1386 1083 :

1520 1063 1527 1071 »
1584 1047 1650 1081 300

229 1110 454 1179 Plenaque
472 1112 645 1161 odorati
668 1113 869 1179 disponit
888 1112 1049 1180 pocula
1069 1112 1232 1162 Bacchi
1249 1131 1259 1170 ;

230 1221 266 1249 et
282 1229 368 1252 vers.
387 1217 450 1260 343
461 1244 471 1260 ,
490 1231 668 1262 procurare
673 1217 809 1262 fulmen
829 1218 906 1252 Ar-

232 1267 313 1301 nob.
325 1267 357 1301 d.
372 1268 392 1303 l.
403 1269 450 1303 sic
464 1269 768 1315 circumloquitur:
781 1285 798 1300 «
808 1270 906 1305 Scire

235 1335 251 1350 υ
269 1320 422 1355 remedia
442 1347 451 1364 ,
478 1323 602 1366 quibus
622 1323 728 1357 averti
753 1322 905 1368 possint,

234 1385 250 1401 n
269 1383 346 1416 quae
366 1385 428 1416 per
444 1370 599 1408 fulminis
619 1373 749 1418 jactum
775 1375 810 1408 in
830 1373 906 1408 hu—

232 1435 250 1451 »
267 1422 378 1457 manis
393 1423 469 1457 fleri
478 1425 611 1468 Jupiter
620 1425 838 1460 constituerit
849 1438 906 1460 re-

231 1488 248 1504 »
266 1474 338 1510 bus.
350 1490 367 1506 n
378 1477 581 1518 —F'aunus‚
595 1479 677 1512 Pici
685 1477 775 1512 filius
785 1503 794 1521 ,
807 1477 907 1512 Abo-

227 1526 382 1572 riginum
404 1541 465 1563 rex
481 1555 490 1572 ,
519 1529 572 1564 vir
594 1530 749 1575 prudens
765 1557 774 1574 ,
799 1543 906 1575 quem

228 1578 406 1624 Romani,
429 1588 469 1614 ut
485 1581 604 1615 Deum
626 1583 778 1627 patrium
800 1589 905 1626 atque

224 1629 403 1666 fatidicum
417 1657 427 1674 ‚
450 1632 624 1668 sacrificiis
642 1640 678 1668 et
694 1633 907 1668 carminibus

226 1681 407 1723 colebant;
429 1681 577 1730 Dionys.
595 1684 634 1726 Ι,
660 1683 713 1717 3ι.
738 1683 810 1719 Sed
834 1685 907 1729 jam

227 1740 308 1768 ante
330 1735 482 1769 Romam
498 1735 675 1771 conditam
688 1762 698 1780 ,
727 1737 906 1771 oraculum

230 1786 304 1831 ejus
324 1788 588 1830 consulebatur3
612 1789 696 1824 AEn.
715 1790 788 1825 Vll
801 1815 811 1832 ,
837 1791 875 1824 81
892 1803 906 1825 ³.

231 1853 249 1869 κ
266 1839 315 1874 At
327 1852 387 1874 rex
396 1840 560 1876 sollicitus
572 1842 754 1885 monstris,
769 1842 908 1876 oracula

233 1905 252 1921 »
270 1891 384 1926 Fauni
398 1918 407 1935 ,
425 1892 570 1928 Fatidici
589 1894 753 1940 genitoris
765 1919 774 1937 ,
793 1894 875 1930 adit.
889 1908 908 1925 »

235 1943 306 1978 Sed
335 1945 372 1978 in
400 1946 600 1980 societatem
629 1946 772 1980 honoris
801 1945 910 1980 divini

232 1995 339 2028 etiam
364 1996 467 2030 Picus
482 1996 588 2030 venit.
614 1995 790 2030 Plutarch.
815 1996 908 2031 dicto

233 2044 296 2080 loc.
314 2046 354 2081 iis
370 2046 710 2081 medicamentorum
730 2048 911 2082 seientiam

234 2099 379 2142 tribuit,
409 2106 513 2144 atque
540 2100 668 2134 artium
686 2099 910 2144 magicarum.

233 2151 317 2186 Vid.
332 2151 465 2197 Heynii
479 2152 560 2186 Exc.
574 2151 606 2183 V
620 2151 662 2185 ad
681 2151 764 2185 AEn.
778 2152 912 2186 VH.—

234 2203 425 2249 Disputant
436 2203 587 2238 editores
598 2230 608 2247 ,
620 2211 740 2237 utrum
750 2205 906 2247 prodere,

234 2269 280 2291 an
299 2259 445 2298 tradere,
472 2269 518 2291 an
535 2259 630 2291 edere
650 2256 840 2302 legendum
857 2257 912 2291 sit.

235 2310 375 2344 Prodere
390 2309 513 2344 Heins-
529 2322 570 2343 ex
581 2308 702 2343 Ursin.
715 2307 813 2342 Voss.
830 2308 915 2342 Ma-

235 2361 340 2395 zarin.
357 2361 491 2396 Zulich.
507 2367 543 2396 et
555 2374 615 2396 sex
628 2360 700 2395 aliis
716 2360 911 2406 adoptavit,

237 2413 332 2457 quod
351 2414 395 2448 sit
414 2414 562 2449 verbum
587 2414 689 2450 sacris
711 2413 915 2458 frequenter

238 2464 443 2500 adhibitum.
459 2467 630 2501 Burman.
646 2466 720 2500 vult
734 2492 743 2509 ‚
761 2473 821 2500 aut
836 2465 912 2507 hic,

239 2517 441 2553 auctoritate
473 2519 622 2554 Puteani
651 2519 913 2563 multorumque

242 2569 389 2603 aliorum
400 2596 409 2613 ‚
423 2573 517 2606 edere
530 2571 718 2617 legendum
728 2598 737 2615 ‚
752 2578 812 2605 aut
828 2583 917 2605 vers.

243 2623 329 2668 294,
345 2623 453 2656 edidit
467 2635 529 2668 pro
550 2625 666 2658 erudit.
689 2625 798 2656 Edere
819 2622 915 2656 enim

243 2684 316 2707 non
332 2673 447 2708 minus
462 2687 534 2709 esse
547 2675 583 2709 in
597 2675 699 2710 sacris
714 2674 893 2720 proprium
904 2700 914 2718 ‚

972 1230 1049 1263 quae
1063 1217 1100 1252 in
1114 1217 1236 1262 vulgus
1246 1216 1477 1262 proferantur.
1495 1214 1553 1250 Sic
1567 1227 1650 1249 sane

972 1268 1088 1303 Tibul.
1106 1270 1122 1303 1
1135 1295 1144 1311 ,
1162 1279 1215 1311 1v,
1234 1269 1294 1313 73:
1310 1282 1327 1297 α
1347 1269 1434 1302 Haec
1448 1267 1554 1309 mibi,
1572 1279 1649 1311 quae

974 1334 991 1349 »ι
1009 1331 1174 1355 canerem
1186 1319 1300 1361 Titio,
1317 1318 1415 1366 Deus
1428 1317 1536 1353 edidit
1546 1331 1618 1351 ore.
1630 1333 1647 1347 »

973 1371 1029 1406 III
1042 1397 1052 1414 ,
1072 1382 1110 1405 lv
1122 1397 1132 1414 ,
1149 1372 1189 1414 42
1204 1396 1213 1414 ‚
1232 1370 1275 1405 de
1295 1370 1478 1416 Apolline:
1495 1384 1511 1399 «
1529 1370 1650 1404 Edidit

973 1436 990 1452 »
1003 1421 1077 1457 haec
1088 1421 1178 1456 dulci
1192 1422 1301 1456 tristia
1312 1422 1415 1456 verba
1426 1421 1543 1455 mode.
1554 1436 1570 1451 τ)
1582 1422 1650 1455 Ne·

971 1487 1040 1520 que
1052 1481 1171 1509 tamen
1184 1474 1258 1509 haec
1270 1475 1375 1509 verba
1391 1475 1494 1509 sacris
1510 1474 1650 1520 propria

970 1525 1190 1560 crediderim.
1205 1525 1380 1560 Plutarch.
1397 1528 1446 1562 τὶν
1465 1528 1514 1560 ἔπι·
1526 1534 1586 1564 τοῖς
1605 1543 1650 1560 κε-

970 1586 1088 1626 ραυνοῖς
1111 1580 1273 1623 εκθιδάξαι
1296 1581 1465 1628 καθαρμᾶι,
1491 1591 1554 1624 pro
1578 1591 1649 1623 quo

971 1642 1053 1665 mox
1064 1632 1231 1666 ὑποθέσθαι.
1248 1630 1379 1664 Arnob.
1393 1629 1436 1664 de
1448 1629 1512 1664 hae
1524 1630 1647 1665 eadem

971 1700 1010 1721 re
1029 1699 1037 1721 :
1055 1701 1074 1717 «ι
1090 1685 1316 1721 Perdocuisse
1331 1698 1450 1730 regem
1463 1711 1472 1727 ,
1489 1701 1506 1716 »
1524 1698 1649 1731 quam-

972 1752 1078 1785 quam
1102 1746 1136 1774 et
1150 1766 1159 1783 ,
1178 1754 1195 1770 «
1212 1752 1286 1773 non
1305 1739 1367 1785 ipsi
1385 1738 1527 1774 edidere
1546 1751 1649 1784 quae-

973 1805 992 1822 ν
1009 1792 1111 1826 renti.
1123 1806 1140 1822 ν
1159 1791 1253 1827 Cum
1270 1805 1333 1837 sqq
1346 1819 1355 1834 ,
1373 1804 1434 1826 nec
1449 1794 1521 1826 sine
1537 1794 1648 1825 vietc.

971 1843 1062 1878 cons.
1081 1843 1179 1888 Virg.
1194 1843 1323 1889 Georg.
1340 1843 1407 1886 lv,
1421 1842 1487 1889 398
1502 1854 1551 1887 sq.

1017 1898 1092 1943 295.
1107 1896 1219 1930 Fauni
1234 1896 1412 1931 oraculum
1427 1895 1465 1929 in
1483 1895 1562 1930 luco
1579 1894 1651 1928 Al-

971 1949 1097 1984 buneae
1108 1956 1199 1991 erat;
1213 1949 1310 1994 Virg.
1320 1948 1403 1983 AEn.
1414 1948 1485 1983 V11
1497 1973 1506 1990 ,
1520 1948 1559 1981 81
1572 1960 1648 1992 sqq,

972 2001 1031 2034 ubi
1056 2001 1135 2035 vide
1155 2002 1221 2036 Int.
1246 2001 1315 2036 Sed
1332 2014 1428 2035 nunc
1443 2000 1540 2046 prior
1554 1999 1651 2035 lucus

972 2060 1214 2095 memoratur,
1239 2053 1303 2087 sub
1325 2054 1510 2092 Aventino,
1544 2065 1650 2097 quem

974 2104 1058 2138 olim
1069 2103 1179 2149 largos
1191 2103 1482 2148 habuissesontes‚
1498 2105 1653 2148 lucosque

973 2167 1098 2200 opacos
1111 2181 1121 2198 ,
1141 2168 1160 2190 e
1177 2155 1354 2190 Plutarchi
1371 2155 1451 2190 dict.
1468 2155 1531 2190 loc.
1548 2154 1651 2189 disci-

975 2219 1065 2240 mus.
1075 2225 1119 2232 —
1130 2208 1248 2250 Nt‘ger,
1261 2219 1281 2240 a
1296 2206 1488 2251 nigricante
1503 2206 1587 2241 ilicis
1605 2206 1654 2240 vi-

976 2271 1076 2298 rore;
1096 2258 1149 2292 IX
1170 2258 1316 2293 Metam.
1336 2259 1423 2302 664,
1443 2272 1460 2288 «
1485 2258 1653 2303 nigraque

978 2325 996 2341 υ
1012 2311 1076 2345 sub
1090 2310 1165 2345 ilice
1181 2318 1311 2345 manat.
1323 2325 1340 2340 »
1358 2310 1438 2345 Cui.
1459 2310 1519 2344 138
1533 2336 1542 2353 ‚
1558 2324 1575 2340 ε(
1592 2311 1655 2346 1Ιί-

979 2378 996 2394 »
1013 2364 1059 2397 cis
1078 2369 1114 2397 et
1133 2363 1241 2408 nigrae
1256 2364 1395 2409 species.
1417 2377 1434 2392 »r
1453 2363 1513 2398 Sic
1530 2363 1654 2399 melius

975 2414 1088 2459 capies
1099 2440 1108 2457 ,
1126 2426 1233 2459 quam
1249 2413 1291 2448 de.
1309 2415 1433 2449 umbra
1449 2415 1653 2450 obscura.—

977 2468 1061 2503 Inde
1080 2469 1164 2500 soli.
1175 2492 1200 2500 ..
1213 2469 1386 2507 bibebant,
1409 2468 1489 2512 quia
1506 2467 1584 2513 ipsis
1598 2481 1653 2503 sa·

977 2531 1046 2552 cer.
1064 2518 1198 2553 Arnob.
1217 2532 1235 2547 «
1252 2517 1316 2552 illis
1332 2518 1480 2563 aquandi
1497 2519 1653 2554 solemne

980 2584 997 2600 n
1015 2569 1083 2604 iter
1101 2569 1169 2604 huc
1184 2568 1258 2604 suit.
1274 2584 1291 2600 »

1022 2616 1114 2655 301ss
1133 2623 1300 2656 Odomtus
1321 2623 1480 2657 Bacchus
1498 2650 1505 2663 ‚
1534 2622 1655 2656 vinum

979 2673 1144 2717 odorum,
1154 2673 1309 2720 adeoque
1319 2688 1542 2721 generosum,
1552 2676 1656 2711 etiam
