1826 3054
562 239 960 306 FASTontJM
996 240 1121 283 LIB.
1159 241 1230 283 11.

1529 252 1603 280 ¹01

194 334 308 381 Ursa
330 351 411 399 per
432 331 625 381 incultos
647 332 824 382 errabat
846 332 1045 400 squalida
1062 343 1237 380 montes
1252 369 1265 389 ‚

259 413 370 476 Quae
389 411 530 459 fuerat
552 431 724 460 summo
747 430 892 478 nuper
911 409 1094 459 amanda
1113 409 1230 457 Jovi.

194 492 292 538 Jam
318 489 399 536 tria
420 488 559 537 lustra
575 508 687 556 puer
707 488 828 537 furto
851 499 1094 554 conceptus
1114 486 1272 549 agebat
1288 523 1301 543 ‚

261 567 412 629 Quum
435 578 572 615 mater
590 578 696 614 nato
719 578 787 615 est
808 565 939 615 obvia
959 565 1072 613 sacta
1095 584 1190 614 suo.

196 642 278 691 llla
301 643 477 709 quidem
491 681 503 700 ‚
530 655 752 710 tamquam
774 654 1058 707 cognosceret
1072 681 1085 701 ,
1111 642 1283 691 adstitit
1302 659 1475 698 amens,

1554 654 1615 689 185

261 722 320 769 Et
344 722 536 785 gemuit;
563 723 751 784 gemitus
772 721 904 770 verba
922 721 1119 788 parentis
1141 731 1278 768 erant.

198 797 322 845 Hanc
346 817 457 864 puer
479 798 657 861 ignarus
675 797 819 864 jaculo
841 798 1008 847 fixisset
1033 809 1187 855 acuto,

261 875 319 923 Ni
341 876 453 924 foret
471 877 517 924 in
541 895 722 943 superas
741 888 896 943 raptus
918 888 1104 942 uterque
1127 875 1296 923 domos.

196 954 331 1017 Signa
349 954 600 1021 propinqua
612 955 778 1002 micant
794 975 803 1002 :
822 953 947 1020 prior
960 965 1049 1010 est,
1069 971 1200 1018 quam
1215 951 1401 999 dicimus
1419 949 1613 998 Arcton:

260 1032 561 1099 Arctophylax
584 1032 770 1080 formam
794 1044 916 1094 terga
938 1029 1164 1096 sequentis
1184 1028 1333 1076 habet.

1556 1049 1618 1085 190

198 1110 329 1159 Saevit
351 1110 520 1166 adhuc,
543 1128 783 1175 canamque
805 1119 934 1171 rogat
956 1106 1163 1180 Satnrnia
1183 1106 1386 1172 Tethyn,

265 1185 512 1235 Maenaliam
536 1186 663 1234 tactis
686 1205 742 1233 ne
762 1185 876 1233 lavet
897 1185 1066 1232 Arcton
1090 1183 1229 1249 aquis.

202 1265 372 1312 lomus
394 1263 575 1327 agrestis
597 1264 768 1312 sumant
790 1261 941 1311 altaria
963 1260 1130 1318 Fauni,

268 1341 355 1390 Hic
376 1341 457 1390 ubi
478 1341 686 1390 discretas
706 1339 850 1389 insula
872 1339 1040 1406 rumpit
1060 1356 1209 1404 aquas.

251 1457 322 1492 183.
339 1458 434 1497 Puer,
453 1457 560 1493 Aroes
575 1457 873 1497 dictus—Fano,

203 1509 417 1544 clandestino
436 1509 634 1545 concubitu.
656 1527 700 1536 -
722 1511 878 1544 Gemens

202 1563 304 1595 verba
318 1565 471 1605 parentis
488 1569 593 1596 erant.
613 1561 763 1607 Inter-pr.
783 1561 877 1596 Gal-

200 1612 286 1648 licus
310 1613 347 1648 in
370 1613 422 1648 his
449 1614 565 1654 verbis,
585 1614 721 1648 felicem
744 1613 877 1659 ingenii

203 1664 308 1700 ovid.
325 1665 522 1701 facilitatem
539 1665 732 1701 admiratur
747 1692 757 1710 ,
782 1665 878 1711 quod

200 1729 273 1751 una
295 1718 467 1752 sententia
494 1718 653 1753 animum
677 1725 877 1754 maternum

201 1767 238 1802 in
250 1781 329 1803 ursa
339 1769 562 1804 declaraverit
573 1796 583 1813 ,
601 1777 704 1815 atque
718 1782 878 1805 amorem

200 1821 597 1864 ejusaceffimumnobis
604 1823 766 1868 inspiret;
782 1821 878 1868 quod

203 1885 278 1906 non
298 1880 360 1908 est.
385 1874 535 1910 Ovidius
553 1874 622 1910 hoc
644 1888 758 1909 unum
779 1874 876 1917 vult,

204 1931 354 1959 matrem
369 1925 516 1961 dolu’ssse
537 1926 701 1972 quidem,
723 1926 784 1961 sed
806 1925 879 1961 do-

204 1975 318 2011 lorem
333 1977 371 2011 in
388 1990 533 2024 corpore
547 1979 663 2013 serino
678 1978 793 2013 verbis
812 1990 879 2012 ex-

207 2028 357 2074 primere
370 2042 441 2063 non
453 2030 615 2075 potuisse.
631 2029 737 2064 Cous.
750 2030 788 2065 11
798 2030 882 2064 Me-

210 2088 292 2116 tam.
319 2082 393 2125 486.
417 2082 586 2117 Similiter
608 2082 757 2117 Inachus
773 2108 783 2126 ,
812 2082 883 2117 filia

209 2134 279 2169 visa
291 2161 301 2177 ,
321 2148 339 2164 α
356 2147 421 2170 nec
433 2142 555 2169 mutua
570 2134 696 2169 nostris
711 2134 815 2169 Dicta
829 2147 886 2169 re·

210 2201 229 2215 ›-
246 2187 337 2228 sers;
364 2187 433 2221 alto
458 2194 596 2221 tantum
619 2186 764 2231 suspiria
789 2185 888 2221 ducis

210 2252 229 2268 ι»
246 2239 393 2273 Pectore
411 2252 420 2273 z
444 2238 608 2284 quodque
631 2250 744 2272 unum
762 2244 860 2282 potes
874 2263 885 2280 ,

211 2305 231 2321 x
248 2290 291 2324 ad
302 2303 380 2325 mea
389 2291 494 2325 verba
502 2290 665 2335 remugis.
678 2304 695 2318 ¹·
709 2289 726 2324 l
739 2290 887 2324 Metam.

209 2344 286 2380 655.
298 2363 343 2370 —
361 2344 462 2378 sevit
474 2344 586 2376 adhuc
596 2368 606 2382 ‚
634 2340 728 2386 quod
748 2340 859 2386 pellex
875 2366 886 2384 ,

211 2408 315 2441 qnam
322 2395 358 2430 in
366 2394 476 2429 seram
485 2399 692 2436 mutaverat,
702 2392 779 2426 Dea
786 2393 887 2435 sacta,

211 2447 306 2481 inter
319 2446 432 2482 sidera
447 2446 622 2491 fulgebam
648 2445 684 2480 ΙΙ
703 2444 792 2479 Met.
813 2445 888 2478 520.

213 2500 397 2534 —Caaean
416 2500 554 2545 Tethyn.
573 2498 667 2532 Vide
682 2497 725 2531 ad
743 2496 890 2531 Metam.

218 2552 249 2586 vl.
264 2552 286 2586 l.
298 2570 341 2579 ·-
355 2554 409 2587 Ne
424 2554 530 2592 lauet,
559 2564 603 2586 ne
623 2550 714 2585 sinat
732 2549 890 2595 pellicem

222 2603 373 2638 occidere
389 2603 427 2637 in
444 2602 648 2645 Oceanum,
665 2614 793 2646 nempe
809 2615 828 2630 σι
845 2613 891 2635 ne

224 2665 244 2680 ἱ·
261 2663 344 2696 μω
355 2654 534 2700 tinguatur
543 2654 581 2689 iu
591 2666 730 2699 equore
741 2651 861 2698 pellex.
872 2665 892 2682 ι

226 2704 378 2746 -Βὺεαὶ
387 2719 469 2741 eum
478 2706 619 2741 Mitsch.
629 2719 648 2740 e
659 2704 757 2739 MSS
769 2703 894 2738 melio-

228 2755 322 2790 ribus
338 2757 486 2803 pratuli,
502 2765 539 2793 et
558 2758 765 2804 probaverat
788 2755 894 2792 etiam

939 1467 1022 1491 cum
1037 1453 1186 1489 Heinsio
1200 1451 1328 1487 Krebs.
1346 1450 1418 1487 Sed
1434 1452 1620 1487 Burman-

940 1523 1008 1545 nus
1028 1509 1160 1555 recepit
1186 1522 1227 1543 ex
1251 1520 1323 1542 nno
1341 1509 1446 1547 adiit,
1473 1506 1553 1552 quia
1577 1507 1622 1542 sit

940 1562 1088 1597 verbum
1104 1561 1285 1606 proprium
1303 1560 1340 1593 in
1359 1559 1423 1594 hac
1441 1572 1479 1593 re
1492 1585 1502 1602 ,
1522 1566 1557 1593 et
1573 1559 1622 1593 si·-

943 1613 1084 1660 gnificet
1097 1612 1192 1647 idem
1204 1610 1298 1657 quod
1312 1611 1446 1656 preoeri
1458 1624 1468 1652 3
1483 1617 1522 1645 ut
1534 1610 1623 1645 adeo

941 1672 1040 1710 rogat
1044 1671 1081 1700 et
1087 1668 1200 1709 petita
1207 1664 1393 1710 gloaeatore
1401 1675 1473 1699 esse
1482 1661 1623 1697 videan-

944 1724 1015 1761 tur,
1033 1717 1092 1762 qui
1108 1715 1316 1758 crediderit,
1332 1727 1406 1748 non
1419 1721 1513 1749 recte
1531 1714 1598 1748 dici
1610 1740 1622 1758 ,

941 1772 1043 1810 adiit,
1066 1782 1109 1802 ue
1122 1771 1220 1803 lacet.
1242 1766 1334 1801 Mihi
1349 1778 1434 1801 vero
1454 1765 1530 1800 hnc
1548 1765 1621 1800 duo

943 1828 1102 1867 tempora
1118 1832 1192 1854 non
1210 1819 1302 1854 bene
1324 1818 1389 1853 sibi
1408 1817 1622 1864 respondere

942 1873 1119 1908 videntur.

990 1924 1154 1971 193-242.
1172 1924 1287 1957 Fauni
1296 1934 1399 1956 sacra
1411 1926 1447 1956 et
1462 1923 1625 1956 Fabiana·

943 1979 1055 2012 eladae
1063 1980 1230 2010 memoria.
1239 1992 1282 2000 —-
1290 1976 1429 2009 Faunus
1439 2000 1449 2014 ‚
1475 1973 1576 2008 Latio
1589 1980 1626 2008 et

948 2029 1099 2064 Etruriae
1108 2028 1290 2074 proprium
1300 2038 1447 2060 numen.
1458 2025 1542 2064 Fuit
1552 2025 1627 2061 Piu’

947 2080 1057 2124 filius,
1076 2087 1218 2126 quartus
1230 2078 1337 2114 ltaliae
1349 2091 1427 2121 rex,
1443 2077 1488 2112 ob
1500 2078 1627 2112 merita

947 2133 985 2167 in
1000 2146 1078 2168 rem
1093 2133 1256 2168 rusticam
1268 2131 1367 2166 inter
1374 2130 1471 2166 Deos
1479 2138 1629 2175 agrestes

948 2183 1090 2227 relatus,
1099 2184 1206 2218 etiam
1214 2189 1310 2218 vata
1316 2182 1460 2228 insignis
1469 2181 1607 2216 habitus
1617 2194 1627 2222 ;

950 2236 1097 2284 Dionys.
1109 2235 1222 2270 Halic.
1230 2236 1262 2278 I,
1274 2236 1316 2278 24
1326 2249 1335 2276 ;
1345 2234 1477 2281 Heynii
1487 2233 1629 2268 Excurs.

952 2287 987 2319 V
998 2287 1042 2321 ad
1050 2286 1193 2321 AEneid.
1205 2286 1290 2321 Vll.
1303 2284 1438 2320 Confer
1448 2283 1540 2318 infra
1550 2283 1605 2318 111
1617 2308 1629 2325 ,

954 2352 1013 2386 ²9¹
1035 2351 1111 2384 sqq.
1136 2337 1254 2373 Etiam
1274 2350 1317 2372 ex
1339 2337 1466 2372 Publio
1485 2335 1631 2370 Victore

952 2397 1087 2426 constat
1097 2415 1108 2433 ‚
1121 2389 1159 2424 in
1171 2391 1291 2424 Insula
1303 2388 1435 2434 templa
1446 2386 1550 2421 fuisse
1561 2385 1630 2421 Jo-

953 2440 1212 2486 vis‚AEsculapii
1224 2447 1260 2475 et
1267 2437 1630 2475 Fauni-Fauniadem

955 2494 1089 2529 AEdiles
1109 2506 1128 2527 e
1150 2492 1299 2538 pecnnia
1317 2490 1514 2529 mulcentia,
1528 2491 1629 2525 seoe-

954 2552 1039 2580 runt
1052 2571 1062 2589 ‚
1079 2557 1190 2590 eaque
1206 2544 1302 2578 Ann.
1319 2555 1354 2577 u.
1367 2556 1398 2578 c.
1414 2543 1502 2589 509,
1522 2539 1632 2575 dedi-

955 2604 1030 2632 cata
1038 2603 1101 2632 est.
1109 2595 1183 2630 Liv.
1190 2594 1354 2630 XXXIII
1361 2620 1372 2637 ,
1382 2595 1424 2637 42
1435 2608 1444 2635 ;
1456 2592 1632 2635 XXXIV,

957 2651 1211 2685 58.—-lnsnlan
1224 2647 1319 2682 illam
1330 2645 1436 2682 ovid.
1453 2645 1526 2680 XV
1540 2643 1632 2679 Me-

957 2710 1039 2738 tam.
1051 2703 1115 2750 739
1124 2714 1164 2747 sq
1171 2727 1183 2745 ,
1196 2699 1552 2741 describit—Rumpit
1560 2699 1635 2731 dak-

956 2760 1068 2790 certas
1076 2780 1087 2796 ‚
1109 2752 1241 2799 rumpit
1249 2752 1299 2788 sic
1308 2777 1319 2797 ,
1330 2757 1371 2787 ut
1380 2750 1637 2791 discernam„
