1826 3054
530 180 931 227 FASTORUM
964 182 1093 226 LIB.
1135 183 1234 226 111.

1523 201 1536 227 ι
1546 187 1603 248 87

247 275 427 331 Fertur,
452 273 707 326 adorantem
729 273 1016 342 destituitque
1038 276 1241 324 Numam.

181 350 260 400 Ille
283 352 396 400 redit
417 350 541 399 laetus
557 388 569 409 ,
593 364 895 419 memoratque
920 353 1179 417 Quiritibus
1200 365 1294 403 acta
1315 375 1325 402 ε

245 429 389 478 Tarda
408 429 527 478 venit
549 428 677 477 dictis
691 467 703 487 ,
730 429 1009 498 difficilisque
1030 431 1152 480 fides.

1538 449 1604 482 350

180 510 243 556 At
267 520 381 556 certe
406 508 653 566 credemur,
679 509 741 557 ait
755 547 767 567 ,
791 510 828 558 si
851 511 983 560 verba
1006 523 1216 578 sequatur

246 587 405 635 Exitus
427 608 436 634 :
458 606 512 636 en
528 626 540 645 ,
565 587 669 636 audi
693 588 904 647 crastina,
929 590 1133 656 quisquis
1156 590 1271 639 ades.

184 665 427 714 Protulerit
449 667 576 715 terris
599 687 736 733 quum
759 679 902 716 totum
922 669 1142 735 Cynthius
1165 670 1317 719 orbem
1333 708 1344 727 ,

248 742 427 808 Jupiter
446 742 619 809 imperii
637 743 826 810 pignora
844 756 961 792 certa
983 744 1119 793 dabit.

180 817 426 866 Discedunt
450 818 600 876 dubii,
626 820 931 887 promissaque
955 821 1079 870 tarda
1101 822 1334 881 videntur3

245 895 568 962 Dependetque
590 896 700 945 fides
723 917 748 946 a
768 899 967 947 veniente
990 899 1074 948 die.

181 970 339 1019 Mollis
362 984 455 1019 erat
477 972 607 1021 tellus
630 986 864 1041 rorataque
886 995 1012 1024 mane
1034 976 1193 1042 pruina
1212 996 1221 1023 :

247 1050 364 1096 Ante
388 1049 456 1097 sui
478 1050 673 1116 populus
693 1051 845 1100 limina
867 1053 982 1115 regis
1004 1052 1140 1101 adest.

181 1124 365 1183 Prodit,
390 1138 434 1174 et
456 1126 502 1174 in
528 1127 642 1176 solio
666 1129 837 1178 medius
860 1130 1061 1179 consedit
1083 1149 1240 1178 acerno
1263 1150 1273 1177 ε

246 1202 474 1250 Innumeri
497 1202 610 1251 circa
632 1215 838 1272 stantque
861 1205 1079 1272 silentque
1101 1205 1197 1253 viri.

1540 1219 1606 1252 360

183 1276 323 1324 Ortus
345 1290 438 1325 erat
459 1297 631 1327 summo
657 1282 966 1329 tantummodo
990 1282 1187 1344 margine
1211 1280 1410 1330 Phoebus
1429 1300 1440 1330 ε

245 1352 454 1402 sollicitae
476 1367 646 1404 mentes
668 1375 834 1424 speque
857 1370 1067 1425 metuque
1088 1369 1261 1424 pavent.

182 1428 421 1488 Constitit,
448 1444 579 1498 atque
599 1446 733 1501 caput
755 1435 883 1484 niveo
904 1436 1073 1485 velatus
1092 1436 1278 1493 amictu,

177 1543 299 1578 caeium
310 1557 398 1591 saepe
411 1545 539 1581 dicitur
550 1573 560 1591 ,
576 1555 616 1582 ut
626 1548 745 1584 multis
754 1548 856 1584 docet

177 1596 301 1631 Heins-
309 1599 544 1638 -Destitmz
560 1600 711 1645 reiiquit.

219 1649 295 1683 350.
313 1649 380 1683 Vix
393 1676 403 1693 ‚
424 1663 490 1685 nec
508 1651 573 1685 nisi
589 1659 735 1687 eventus
754 1659 857 1698 post-

176 1713 284 1745 quam
298 1703 475 1747 promissis
491 1704 646 1739 constitit
662 1730 672 1747 ,
698 1704 806 1739 fidem
825 1705 857 1739 ei

176 1753 307 1788 habent
325 1754 494 1799 Quirites.
505 1774 550 1783 ·-
565 1758 719 1791 Creditur
730 1757 757 1791 is
767 1783 776 1800 ,
801 1757 857 1791 cui

179 1805 265 1840 tides
282 1806 440 1841 habetur.
453 1808 553 1842 Bene
568 1809 675 1854 igitur
690 1810 857 1845 Heinsius

179 1871 221 1891 ex
233 1858 370 1893 Sarrav.
386 1867 422 1894 et
441 1859 576 1897 duobus
590 1861 663 1897 aliis
676 1862 773 1897 MSS
784 1876 857 1897 cm-

177 1913 291 1945 demur
305 1912 501 1957 adoptavit,
525 1927 635 1958 quum
658 1915 714 1948 alii
736 1917 857 1950 crede—

177 1976 258 2003 mus.
275 1966 450 1999 credamus
466 1972 526 2000 aut
541 1969 682 2000 creden&
694 1966 856 2003 habeant.

177 2016 397 2056 -Crastina‚
409 2029 486 2062 quae
495 2030 570 2051 cras
583 2018 757 2054 evenient.
773 2019 857 2055 Non

178 2080 264 2113 opus
273 2075 337 2111 est,
350 2076 387 2103 ut
398 2083 439 2103 ex
448 2070 586 2104 Heinsii
600 2071 755 2116 ingenio,
764 2084 858 2105 cras-

176 2123 255 2159 mee,
269 2120 423 2165 quisquis
431 2133 506 2155 cras
515 2121 644 2164 aderis,
658 2121 858 2156 scribamus.

217 2171 292 2216 357.
309 2172 517 2206 Burmanno
536 2172 608 2206 haec
622 2179 726 2207 terrae
745 2173 858 2208 assec-

178 2223 226 2257 tio
232 2225 502 2259 commemorari
512 2224 592 2259 ideo
601 2225 752 2268 videtur,
762 2226 857 2271 quod

177 2275 260 2310 inde
270 2289 375 2312 omen
386 2285 563 2323 captatum
571 2278 628 2320 sit,
641 2278 674 2312 id
682 2285 775 2312 certe
785 2278 859 2313 sac-

178 2333 255 2360 tum
272 2340 343 2363 esse
358 2329 400 2363 ab
416 2329 594 2374 Augusto;
612 2329 760 2364 sueton.
774 2330 857 2364 Au-

179 2386 266 2423 gust.
282 2380 502 2417 Lxxxxll.
518 2382 592 2417 Nisi
608 2390 750 2428 poetam
772 2396 858 2418 cre-

179 2431 238 2466 das
255 2438 391 2477 tempus
402 2440 540 2468 tantum
557 2434 771 2469 matutinum
786 2434 857 2469 de-

178 2482 327 2517 scribere
348 2484 505 2520 votuisse.
522 2485 616 2520 Orto
636 2493 758 2521 contra
783 2487 855 2522 sole

182 2550 199 2563 «ι
217 2535 390 2579 pruinosae
414 2537 586 2573 siccantur
607 2538 726 2574 herbae
739 2566 748 2583 ,
766 2554 783 2569 »
801 2539 856 2574 lv

181 2585 328 2640 Metqm.
341 2588 383 2621 82
394 2595 448 2628 3et
456 2596 558 2624 nocte
573 2604 591 2619 «ι
604 2603 720 2636 sparsa
734 2591 859 2626 caelesti

183 2652 200 2667 n
221 2641 299 2672 rore
316 2637 434 2674 madet
446 2639 575 2676 humus
589 2655 607 2671 »ι
619 2654 723 2687 supra
737 2642 767 2685 1,
780 2643 857 2677 312.

183 2687 355 2724 Dedimus
380 2696 517 2735 autem,
539 2704 613 2727 non
633 2698 747 2729 rorata
762 2721 771 2736 ,
796 2693 857 2729 sed

921 1557 1105 1595 torumque,
1118 1549 1211 1595 quod
1223 1548 1365 1595 plurimi
1373 1547 1471 1583 MSS
1479 1559 1524 1583 ex
1533 1560 1604 1582 me·

921 1603 1064 1637 lioribus
1080 1610 1115 1637 et
1131 1603 1243 1648 prima
1262 1602 1368 1637 editio
1389 1608 1603 1647 agnoscunt,

923 1653 1018 1698 quod
1042 1654 1270 1688 Burmannus
1294 1653 1453 1698 probavit
1464 1678 1473 1695 ,
1498 1665 1605 1687 rece-

923 1705 1042 1750 pitque
1060 1705 1165 1740 etiam
1182 1704 1375 1739 Mitscherl.
1393 1704 1502 1738 —De
1519 1707 1605 1739 solio

922 1755 990 1790 hoc
1002 1768 1124 1790 acerno
1140 1755 1219 1790 vide
1232 1755 1275 1790 ad
1294 1755 1346 1789 lv
1357 1756 1505 1790 Metam.
1519 1756 1605 1799 486;

922 1807 1074 1842 occurOit
1097 1807 1202 1840 etiam
1230 1806 1372 1841 AEneid.
1390 1808 1488 1842 VIII
1501 1833 1510 1850 ,
1531 1807 1606 1852 178.

922 1857 1018 1892 Male
1045 1857 1151 1903 igitur
1176 1857 1310 1902 primus
1338 1858 1571 1893 Famesianus
1591 1883 1602 1900 ‚

922 1911 1145 1946 Ambrosian.
1161 1918 1197 1945 et
1218 1918 1288 1945 tres
1313 1910 1389 1954 atii,
1413 1913 1547 1945 eburno.
1560 1929 1607 1936 -

921 1965 1110 2004 Silentium,
1130 1965 1269 2010 signum
1282 1963 1416 2010 cupidae
1428 1969 1605 2009 exspecta-

921 2016 1035 2050 tionis.
1051 2016 1138 2061 Ejus
1154 2023 1190 2051 et
1204 2016 1276 2050 vim
1297 2023 1333 2050 et
1354 2023 1492 2061 tempus
1503 2042 1514 2059 ,
1531 2028 1602 2060 quo

920 2069 1074 2104 maxime
1087 2069 1196 2104 crevit
1205 2095 1215 2111 ,
1227 2070 1319 2104 bene
1329 2076 1433 2115 poeta
1442 2068 1579 2104 notavit
1591 2094 1599 2110 ,

926 2123 1038 2157 Ortus.
1047 2149 1055 2157 .
1066 2148 1075 2156 .
1086 2129 1221 2166 pavent.
1238 2122 1368 2157 Similis
1382 2122 1604 2168 exspectatio·

921 2172 976 2207 nis
989 2173 1060 2206 vim
1074 2173 1191 2207 Livius
1208 2174 1224 2208 1
1238 2199 1247 2216 ,
1267 2177 1308 2208 25
1319 2200 1329 2217 ,
1341 2174 1390 2208 sic
1407 2173 1572 2218 expressit
1592 2186 1600 2207 :

923 2239 942 2254 κ
958 2225 1088 2267 erecti,
1110 2225 1267 2271 suspensi
1290 2233 1414 2267 erant;
1444 2226 1604 2271 torpebat

925 2292 943 2308 »
959 2289 1024 2311 vox
1040 2277 1260 2323 spiritusque.
1279 2293 1297 2309 »

967 2329 1042 2364 363.
1054 2330 1193 2364 Ninum
1207 2329 1309 2365 ilium
1326 2334 1485 2365 amt’clum
1501 2331 1603 2366 Nea—

922 2381 1233 2427 polis,Taubnerus
1239 2389 1274 2417 et
1282 2382 1459 2418 Schirach.
1470 2383 1603 2429 galeam

922 2434 1173 2469 sacerdotalem
1195 2435 1465 2479 intellexerunt3
1493 2443 1528 2470 at
1546 2436 1604 2471 illa

923 2491 1067 2522 armi-tus
1084 2487 1151 2523 dici
1169 2501 1243 2523 non
1265 2495 1388 2534 potest.
1415 2489 1604 2524 precantes

922 2545 958 2573 et
981 2551 1076 2574 sacra
1101 2538 1268 2574 facientes
1292 2540 1405 2586 capite
1435 2540 1603 2575 obvoluto

924 2598 1043 2635 erant,
1059 2604 1105 2626 ne
1122 2591 1207 2637 quid
1222 2592 1306 2627 mali
1316 2592 1445 2628 ominis
1460 2606 1519 2628 eos
1530 2600 1603 2627 tur-

922 2642 1022 2677 baret
1043 2655 1052 2677 :
1075 2642 1112 2677 id
1137 2643 1231 2689 quod
1254 2645 1380 2690 passim
1403 2644 1455 2680 his
1477 2645 1604 2680 nostris

923 2695 1036 2732 verbis
1043 2696 1260 2742 exprimitur.
1271 2698 1371 2744 Virg.
1381 2698 1523 2734 AEneid.
1534 2699 1603 2740 lu,
