1826 3054
265 216 354 279 474
799 216 1179 264 EXCURSUS

271 329 287 359 1
298 310 392 373 524
406 309 461 360 ad
476 328 679 378 campum
692 309 835 360 Plorae
857 322 1093 379 repertum.
1109 312 1205 360 Prae
1218 310 1315 361 aliis
1329 313 1476 361 minus
1492 332 1694 363 mancum

264 404 355 451 cst,
382 404 428 443 et
449 412 602 444 omnes
624 392 729 442 anni
753 412 928 443 menses
952 393 1288 462 complectitur,
1319 394 1599 445 brevioribus
1625 409 1697 446 ta-

266 494 366 525 men
385 495 484 525 cum
509 475 643 524 notis.
676 476 891 524 Marmori
916 476 1177 543 inscriptum
1198 477 1371 526 videtur
1392 478 1476 526 sub
1497 479 1691 527 Tiberin.

329 565 394 607 2⁰.
430 557 618 607 Kalend.
639 557 957 625 Capmm'corum
974 598 984 615 ,
1014 559 1099 607 sub
1119 579 1209 627 quo
1230 561 1408 609 nomine
1424 561 1583 627 saepius
1601 563 1696 610 edi-

262 653 355 691 tum
382 652 462 690 est.
489 642 739 707 Supersunt
774 641 955 689 nonnisi
981 641 1216 704 Augustus
1240 654 1284 691 et
1311 642 1595 710 September,
1621 644 1696 692 scd

261 723 468 773 uberiore
492 742 592 771 cum
617 722 914 772 adnotatione.

329 803 395 853 3⁰.
423 803 610 854 Kalend.
632 799 960 861 Amiteminuni,
990 824 1013 854 e
1036 805 1413 872 prestantissimis
1436 806 1562 856 fastis
1579 826 1695 855 mar-

261 889 452 947 moreis,
475 888 522 941 in
548 888 669 955 quod
688 888 955 956 peculiarem
973 889 1338 939 commentarium
1361 890 1603 959 Purpurini
1621 891 1696 939 ha-

260 972 341 1021 bes
360 971 406 1021 in
424 970 649 1035 Sallengre
675 971 824 1039 suppl.
848 972 903 1021 ad
930 971 1088 1021 Graevii
1111 972 1249 1039 antiq.
1274 984 1379 1021 tom.
1406 971 1435 1019 3
1450 1010 1462 1030 ,
1484 972 1694 1022 effossum

260 1074 283 1104 e
305 1053 542 1103 ruderibus
566 1054 724 1104 veteris
752 1055 973 1103 Amiterni
1006 1055 1052 1103 in
1079 1054 1257 1104 Sabinis
1290 1054 1459 1119 (hodie
1481 1057 1692 1123 Aquila).

262 1139 472 1187 Correcte
496 1138 570 1187 aeri
595 1138 782 1188 incisum
807 1150 874 1187 est
897 1138 1019 1206 apud
1043 1139 1231 1203 Foggin.
1253 1158 1297 1206 p.
1332 1156 1434 1188 100.
1480 1139 1566 1188 Sex
1590 1159 1696 1206 pos-

260 1220 444 1270 teriores
466 1239 639 1271 menses
662 1221 769 1270 satis
793 1222 955 1285 integri
979 1232 1233 1288 supersunt.

327 1308 392 1370 4⁰.
432 1308 617 1358 Kalend.
651 1309 921 1360 Antiatinum
951 1329 974 1359 e
1008 1310 1246 1360 ruderibus
1282 1310 1444 1359 theatri
1475 1311 1695 1360 Antiatini

262 1392 466 1458 (Anzo)
492 1405 691 1452 erutum,
718 1394 824 1443 item
849 1394 1120 1460 posteriores
1145 1413 1218 1443 sex
1243 1414 1416 1443 menses
1439 1394 1698 1462 complecti-

263 1485 365 1532 tur,
414 1494 607 1541 quorum
642 1476 833 1540 singulis
867 1476 991 1527 deest
1028 1476 1156 1526 decas
1189 1477 1344 1544 prima.
1384 1478 1623 1543 Inscriptio
1651 1478 1695 1525 in

262 1557 492 1624 superiore
515 1558 678 1609 tabulae
697 1571 823 1627 parte
847 1571 1046 1618 testatur,
1066 1561 1254 1610 incisum
1275 1580 1368 1610 esse
1383 1580 1575 1609 marmor
1596 1580 1697 1609 curn

265 1638 441 1703 collegii
466 1640 727 1691 libertorum
754 1662 1076 1710 vernarumque
1099 1642 1261 1692 domus
1294 1645 1507 1705 Augustae
1530 1643 1577 1691 in
1601 1647 1698 1692 An-

265 1721 421 1771 tiatino
447 1741 623 1773 secessu
648 1724 928 1788 degentium,
955 1725 1091 1793 idque
1114 1725 1199 1774 sub
1223 1725 1397 1774 Claudii
1422 1725 1622 1793 imperio.

327 1810 391 1860 5⁰.
434 1812 681 1862 Pincianum
704 1814 759 1863 ad
783 1826 979 1863 montem
1005 1814 1210 1863 Pincium
1233 1826 1430 1867 erutum,
1462 1827 1620 1880 praeter
1644 1814 1697 1862 li-

265 1906 380 1943 teras
404 1894 671 1945 nundinales
695 1908 740 1946 et
763 1896 933 1946 dierum
956 1897 1151 1945 rationes
1174 1896 1286 1944 nihil
1310 1898 1518 1945 continet.
1561 1898 1697 1945 Com-

261 1976 473 2044 plectitur
496 1997 670 2027 menses
691 1997 715 2027 a
734 1978 824 2028 Jul.
849 1979 907 2028 ad
930 1980 1096 2029 Octob.
1124 1979 1349 2028 inclusive.

325 2058 390 2107 6⁰.
418 2058 478 2107 V
468 2061 677 2109 enun'num
700 2062 871 2110 Maium
890 2073 935 2110 et
954 2062 1140 2110 Junium
1168 2061 1488 2128 complectitur.

330 2148 395 2208 7⁰.
425 2141 677 2191 Vaticanum
722 2162 746 2192 a
787 2144 1010 2206 Fogginio
1053 2145 1247 2210 primum
1291 2144 1457 2193 editum
1497 2144 1697 2192 continet

263 2223 478 2291 quosdam
500 2223 672 2292 Aprilis
704 2236 748 2273 et
776 2226 931 2274 Martii
956 2225 1063 2275 dies.
1097 2226 1350 2282 Alisanum,
1376 2225 1663 2293 Exquilinuni
1681 2263 1692 2281 ,

260 2306 574 2356 Farnesianum
595 2307 779 2356 minoris
804 2308 1017 2357 momenti
1044 2320 1162 2356 sunt.
1200 2308 1432 2375 Suppositi
1457 2319 1600 2356 autem
1618 2346 1628 2364 ,
1653 2320 1695 2356 et

263 2390 352 2439 sere
374 2410 426 2440 ex
447 2390 612 2440 ovidio
634 2391 843 2458 descripti
862 2429 874 2448 ,
900 2410 1016 2458 quos
1036 2391 1295 2441 Mazochius
1314 2391 1478 2446 edidit,
1503 2390 1603 2439 fasti
1624 2411 1697 2439 sex

262 2473 464 2539 priorum
495 2473 727 2522 mensium.
775 2502 827 2511 -·
861 2473 1173 2523 Kalendarium
1211 2474 1444 2523 Rusticum
1471 2474 1696 2522 farnesia-

262 2575 369 2605 num
386 2568 539 2606 contra
561 2556 854 2607 Pontederam
870 2557 1006 2626 antiq.
1023 2577 1068 2625 p.
1090 2557 1207 2625 393,
1227 2557 1418 2606 vindicat
1434 2558 1694 2621 Pogginius,

264 2656 308 2705 p.
355 2639 455 2701 104.
488 2639 766 2707 Supersedeo
790 2659 1015 2691 recensere
1038 2640 1156 2698 loca,
1181 2639 1259 2689 ubi
1281 2659 1432 2689 eorum
1460 2640 1505 2688 in
1529 2640 1694 2689 ovidio

264 2719 425 2788 aliquis
463 2740 570 2771 usus
608 2734 701 2780 est,
738 2734 955 2774 eteorum
984 2722 1029 2773 in
1063 2723 1272 2787 gratiam,
1300 2722 1463 2790 quibus
1488 2722 1692 2785 Fogginii
