1826 3054
253 263 343 319 466
776 258 961 304 Excu
977 257 1150 303 nsus

251 356 492 421 delegerat,
508 353 904 405 fructuosissimam
920 369 1022 402 saue
1035 350 1091 401 ad
1107 350 1291 415 gratiam
1308 348 1544 398 ineundam
1561 349 1679 416 apu'd

250 439 454 489 homines
481 455 692 488 romanos
722 435 873 504 patriae
897 434 1095 483 historiae
1125 433 1454 482 amantissimos
1482 443 1526 480 et
1549 450 1680 499 quam

249 523 436 572 maxime
465 540 652 586 gnaros,
688 518 853 587 quibus
879 518 967 584 jam
997 530 1124 566 antea
1149 516 1283 567 Ennii
1318 527 1362 565 et
1384 514 1562 578 Virgilii
1588 533 1682 563 car-

250 606 366 655 mina
390 604 531 672 patria
559 602 804 667 gratissima
828 598 945 648 dona
968 598 1228 648 acciderant.
1263 599 1326 646 Et
1346 596 1487 646 simile
1511 615 1682 664 propo-

256 688 390 737 situm
408 687 534 754 prius
564 686 651 750 jam
675 681 911 750 Propertio
946 681 1083 730 fuisse
1114 681 1210 748 ipse
1238 683 1320 738 lv,
1346 691 1392 738 1,
1425 677 1512 746 69,
1538 679 1681 732 canit.

252 788 443 837 quorum
462 786 667 816 versuum
685 785 779 814 non
798 765 998 828 exiguam
1016 763 1104 811 vim
1123 762 1178 811 ad
1198 762 1350 811 Ovidii
1367 760 1600 809 consilium
1620 760 1683 809 vel

250 852 516 920 capiendum
541 850 607 899 vel
640 847 989 898 confirmandum
1022 846 1157 896 suisse
1179 882 1192 903 ,
1238 845 1416 912 quidam
1451 843 1686 893 voluerunt

251 938 411 998 (Leuz.
436 953 480 1002 p.
504 934 559 996 [Η
586 932 743 982 Barth.
764 930 820 980 ad
835 930 1056 997 Propertii
1079 929 1107 977 l.
1128 929 1203 994 c.).
1230 929 1283 976 In
1304 927 1440 991 elegia
1457 927 1572 974 enim
1591 925 1685 982 illa,

251 1036 339 1084 qua
352 1016 521 1065 homini
536 1014 772 1082 peregrino
786 1011 992 1079 praeclara
1005 1012 1162 1060 Romae
1176 1020 1461 1058 monumenta
1480 1027 1526 1056 se
1542 1019 1688 1057 osten·

253 1098 426 1147 dentem
446 1097 599 1160 fingit,
623 1108 865 1163 postquam
886 1094 962 1142 diu
982 1110 1156 1143 summo
1177 1111 1276 1140 cum
1293 1091 1450 1140 ardore
1464 1102 1509 1139 et
1522 1091 1690 1157 impetu

252 1199 374 1230 sacra
397 1198 580 1228 romana
604 1178 855 1243 horumque
877 1175 1079 1223 locorum
1113 1173 1303 1221 divinam
1335 1171 1551 1236 originem
1579 1164 1690 1219 cele-

250 1264 479 1320 braverat,
501 1261 593 1310 haec
614 1279 659 1310 se
681 1257 921 1326 aliquando
943 1256 1133 1304 camnine
1154 1254 1373 1304 elaturum
1397 1253 1643 1320 promittit:

407 1390 514 1427 Sacra
531 1390 677 1436 diesque
693 1402 818 1425 canam
838 1394 874 1423 et
890 1387 1103 1434 cognomina
1119 1387 1228 1433 prisca
1245 1386 1403 1422 locorum
1422 1400 1429 1421 :

254 1501 376 1570 quod
394 1499 630 1550 consilium
648 1511 767 1549 certe
785 1516 919 1566 quam
936 1484 1135 1565 proxime
1154 1497 1210 1547 ad
1227 1498 1368 1546 nostri
1386 1497 1597 1546 rationem
1618 1516 1687 1546 ac-

256 1585 384 1635 cedit.
415 1612 470 1622 -—
498 1582 690 1633 Ovidius
707 1620 719 1641 ,
744 1583 823 1649 qui
849 1582 937 1648 jam
973 1582 1027 1630 ad
1059 1600 1231 1630 carmen
1259 1581 1391 1629 etiam
1423 1580 1687 1629 didacticum

254 1678 444 1716 metrum
462 1665 703 1728 elegiacum
724 1663 1036 1721 transtulerat,
1059 1663 1107 1711 in
1125 1662 1212 1711 hoc
1226 1662 1356 1711 etiam
1377 1680 1533 1726 genere
1551 1663 1690 1726 magis

259 1831 450 1881 orationi
474 1830 623 1898 aptius
645 1829 752 1879 visis
773 1829 840 1878 uti
865 1826 1108 1885 maluerat,
1141 1827 1255 1875 sorte
1287 1827 1333 1874 in
1364 1827 1443 1876 hac
1469 1827 1599 1875 etiam
1625 1846 1691 1883 re.

256 1915 343 1965 nisi
366 1913 709 1972 Callimachum,
734 1912 788 1961 de
812 1913 939 1978 cujus
960 1923 1102 1960 metro
1129 1910 1385 1967 dubitatur,
1412 1922 1555 1959 tamen
1583 1911 1692 1959 Pro-

257 1997 452 2065 pertium
475 1995 739 2063 respiciens,
764 1994 843 2061 qui
868 2005 913 2042 et
933 2004 1060 2042 antea
1082 1992 1234 2060 plures
1258 1991 1446 2042 heroicae
1470 1994 1694 2041 Romano-

259 2098 358 2129 rum
380 2078 522 2127 aetatis
545 2095 614 2126 res
638 2088 784 2140 gestas
805 2075 942 2139 elegis
965 2086 1195 2123 exornarat
1214 2112 1227 2132 ,
1255 2087 1299 2123 et
1322 2074 1367 2123 in
1393 2074 1478 2123 hoc
1503 2076 1693 2124 carmine

261 2159 384 2228 quod
403 2159 652 2227 promittit,
677 2170 728 2207 ut
751 2158 846 2223 ejus
869 2157 1016 2206 verbis
1040 2169 1159 2214 utar,
1183 2155 1359 2205 mollem
1382 2156 1494 2205 vatis
1517 2156 1691 2220 elegiaci

261 2242 467 2291 hederam
501 2241 683 2290 liirsutae
721 2239 856 2288 Ennii
888 2238 1014 2288 lauro
1055 2258 1099 2289 se
1137 2238 1419 2306 praelaturum
1458 2238 1692 2306 profitetur

264 2326 378 2392 (IV,
404 2336 446 2382 1,
474 2323 582 2389 57).
612 2323 808 2372 Tantum
833 2322 870 2371 si
895 2341 965 2371 res
986 2322 1172 2388 majores
1196 2321 1400 2370 canendae
1424 2332 1553 2377 sunt.
1580 2321 1691 2369 Ovi·

264 2408 364 2457 dius
387 2406 692 2457 excusationes
720 2406 773 2456 de
808 2405 1013 2455 carminis
1044 2405 1254 2455 tenuitate
1282 2416 1328 2455 et
1353 2404 1481 2455 metri
1514 2403 1691 2468 elegiaci

264 2508 349 2539 usu
371 2490 418 2539 in
440 2490 630 2538 carmine
654 2488 869 2538 historico
893 2487 1039 2537 minus
1063 2486 1276 2545 solemni,
1294 2498 1523 2554 poetarum
1546 2506 1667 2535 more
1681 2525 1692 2543 ‚

265 2572 462 2622 modeste
493 2572 550 2620 ab
584 2571 747 2635 ingenii
784 2571 829 2619 in
865 2571 997 2619 tantis
1027 2570 1198 2619 defectu
1230 2581 1274 2619 et
1309 2570 1461 2618 innato
1500 2569 1691 2636 quodam

266 2674 415 2704 amore
437 2653 545 2703 levis
567 2654 702 2719 hujus
726 2653 897 2717 generis
919 2652 1043 2719 petit.
1077 2651 1234 2702 Statim
1257 2650 1315 2699 ab
1340 2651 1469 2700 initio
1496 2650 1597 2699 libri
1625 2669 1693 2699 se-

267 2737 419 2797 cundi,
444 2737 491 2787 iu
514 2755 604 2804 quo
628 2735 820 2799 Augusti
844 2735 1023 2802 quidam
1047 2733 1165 2785 tituli
1189 2732 1439 2783 celebrandi
1460 2746 1585 2792 sunt,
1611 2733 1690 2782 luc
