<?xml version="1.0" encoding="UTF-8"?>
<!DOCTYPE html PUBLIC "-//W3C//DTD XHTML 1.0 Transitional//EN"
    "http://www.w3.org/TR/xhtml1/DTD/xhtml1-transitional.dtd">
<html xmlns="http://www.w3.org/1999/xhtml" xml:lang="en" lang="en">
 <head>
  <title>
</title>
<meta http-equiv="Content-Type" content="text/html;charset=utf-8" />
  <meta name='ocr-system' content='tesseract 3.04.00' />
  <meta name='ocr-capabilities' content='ocr_page ocr_carea ocr_par ocr_line ocrx_word'/>
</head>
<body>
  <div class='ocr_page' id='page_1' title='image "./quaeextantomniao06oviduoft_0350.png"; bbox 0 0 1826 3054; ppageno 0'>
   <div class='ocr_carea' id='block_1_1' title="bbox 246 169 334 214">
    <p class='ocr_par' dir='ltr' id='par_1_1' title="bbox 246 169 334 214">
     <span class='ocr_line' id='line_1_1' title="bbox 246 169 334 214; baseline -0.011 0"><span class='ocrx_word' id='word_1_1' title='bbox 246 169 334 214; x_wconf 83' lang='lat'>336</span> 
     </span>
    </p>
   </div>
   <div class='ocr_carea' id='block_1_2' title="bbox 616 166 1293 212">
    <p class='ocr_par' dir='ltr' id='par_1_2' title="bbox 616 166 1293 212">
     <span class='ocr_line' id='line_1_2' title="bbox 616 166 1293 212; baseline -0.001 0"><span class='ocrx_word' id='word_1_2' title='bbox 616 168 668 212; x_wconf 74' lang='lat'>1³.</span> <span class='ocrx_word' id='word_1_3' title='bbox 715 167 954 212; x_wconf 86' lang='lat' dir='ltr'><strong>OVIDII</strong></span> <span class='ocrx_word' id='word_1_4' title='bbox 990 166 1293 212; x_wconf 75' lang='lat' dir='ltr'><strong>NASONIS</strong></span> 
     </span>
    </p>
   </div>
   <div class='ocr_carea' id='block_1_3' title="bbox 308 260 1370 329">
    <p class='ocr_par' dir='ltr' id='par_1_3' title="bbox 308 260 1370 329">
     <span class='ocr_line' id='line_1_3' title="bbox 308 260 1370 329; baseline -0.003 -18"><span class='ocrx_word' id='word_1_5' title='bbox 308 262 408 311; x_wconf 85' lang='lat' dir='ltr'>Hoc</span> <span class='ocrx_word' id='word_1_6' title='bbox 433 279 614 329; x_wconf 88' lang='lat' dir='ltr'>quoque</span> <span class='ocrx_word' id='word_1_7' title='bbox 636 280 737 311; x_wconf 88' lang='lat' dir='ltr'>cum</span> <span class='ocrx_word' id='word_1_8' title='bbox 759 260 862 311; x_wconf 89' lang='lat' dir='ltr'>circi</span> <span class='ocrx_word' id='word_1_9' title='bbox 886 279 1071 310; x_wconf 88' lang='lat' dir='ltr'>munere</span> <span class='ocrx_word' id='word_1_10' title='bbox 1093 279 1265 310; x_wconf 83' lang='lat' dir='ltr'>carmen</span> <span class='ocrx_word' id='word_1_11' title='bbox 1288 271 1370 309; x_wconf 85' lang='lat' dir='ltr'>eat.</span> 
     </span>
    </p>
   </div>
   <div class='ocr_carea' id='block_1_4' title="bbox 1606 284 1668 321">
    <p class='ocr_par' dir='ltr' id='par_1_4' title="bbox 1606 284 1668 321">
     <span class='ocr_line' id='line_1_4' title="bbox 1606 284 1668 321; baseline 0 0"><span class='ocrx_word' id='word_1_12' title='bbox 1606 284 1668 321; x_wconf 82' lang='lat'>¹90</span> 
     </span>
    </p>
   </div>
   <div class='ocr_carea' id='block_1_5' title="bbox 244 335 1408 638">
    <p class='ocr_par' dir='ltr' id='par_1_5' title="bbox 244 335 1408 486">
     <span class='ocr_line' id='line_1_5' title="bbox 244 335 1408 408; baseline -0.005 -18"><span class='ocrx_word' id='word_1_13' title='bbox 244 341 345 408; x_wconf 88' lang='lat' dir='ltr'>Ipsa</span> <span class='ocrx_word' id='word_1_14' title='bbox 372 339 509 398; x_wconf 86' lang='lat' dir='ltr'>doce,</span> <span class='ocrx_word' id='word_1_15' title='bbox 536 357 633 405; x_wconf 82' lang='lat' dir='ltr'>quae</span> <span class='ocrx_word' id='word_1_16' title='bbox 658 338 741 395; x_wconf 86' lang='lat' dir='ltr'>sis;</span> <span class='ocrx_word' id='word_1_17' title='bbox 772 338 999 387; x_wconf 83' lang='lat' dir='ltr'>hominum</span> <span class='ocrx_word' id='word_1_18' title='bbox 1021 337 1231 387; x_wconf 84' lang='lat' dir='ltr'>sententia</span> <span class='ocrx_word' id='word_1_19' title='bbox 1250 335 1408 386; x_wconf 83' lang='lat' dir='ltr'>fallax:</span> 
     </span>
     <span class='ocr_line' id='line_1_6' title="bbox 309 414 1270 486; baseline -0.005 -19"><span class='ocrx_word' id='word_1_20' title='bbox 309 418 492 486; x_wconf 88' lang='lat' dir='ltr'>Optima</span> <span class='ocrx_word' id='word_1_21' title='bbox 520 428 567 466; x_wconf 88' lang='lat' dir='ltr'>tu</span> <span class='ocrx_word' id='word_1_22' title='bbox 585 416 756 483; x_wconf 84' lang='lat' dir='ltr'>proprii</span> <span class='ocrx_word' id='word_1_23' title='bbox 780 415 972 464; x_wconf 86' lang='lat' dir='ltr'>nominis</span> <span class='ocrx_word' id='word_1_24' title='bbox 995 426 1150 463; x_wconf 79' lang='lat' dir='ltr'><strong>auctor</strong></span> <span class='ocrx_word' id='word_1_25' title='bbox 1172 414 1270 463; x_wconf 84' lang='lat' dir='ltr'>eris.</span> 
     </span>
    </p>

    <p class='ocr_par' dir='ltr' id='par_1_6' title="bbox 244 491 1346 638">
     <span class='ocr_line' id='line_1_7' title="bbox 244 491 1316 560; baseline -0.006 -15"><span class='ocrx_word' id='word_1_26' title='bbox 244 496 317 545; x_wconf 86' lang='lat' dir='ltr'>Sic</span> <span class='ocrx_word' id='word_1_27' title='bbox 342 514 450 559; x_wconf 84' lang='lat' dir='ltr'>ego;</span> <span class='ocrx_word' id='word_1_28' title='bbox 475 493 537 542; x_wconf 89' lang='lat' dir='ltr'>sic</span> <span class='ocrx_word' id='word_1_29' title='bbox 561 493 725 541; x_wconf 84' lang='lat' dir='ltr'>nostris</span> <span class='ocrx_word' id='word_1_30' title='bbox 746 491 979 560; x_wconf 84' lang='lat' dir='ltr'>respondit</span> <span class='ocrx_word' id='word_1_31' title='bbox 1001 491 1100 539; x_wconf 82' lang='lat' dir='ltr'>diva</span> <span class='ocrx_word' id='word_1_32' title='bbox 1123 491 1316 555; x_wconf 81' lang='lat' dir='ltr'>rogatis;</span> 
     </span>
     <span class='ocr_line' id='line_1_8' title="bbox 309 567 1346 638; baseline -0.006 -17"><span class='ocrx_word' id='word_1_33' title='bbox 309 571 427 621; x_wconf 89' lang='lat' dir='ltr'>Dum</span> <span class='ocrx_word' id='word_1_34' title='bbox 452 570 673 638; x_wconf 84' lang='lat' dir='ltr'>loquitur,</span> <span class='ocrx_word' id='word_1_35' title='bbox 697 588 851 619; x_wconf 79' lang='lat' dir='ltr'>vernas</span> <span class='ocrx_word' id='word_1_36' title='bbox 875 567 993 617; x_wconf 83' lang='lat' dir='ltr'>efflat</span> <span class='ocrx_word' id='word_1_37' title='bbox 1017 567 1073 616; x_wconf 91' lang='lat' dir='ltr'>ab</span> <span class='ocrx_word' id='word_1_38' title='bbox 1098 586 1173 616; x_wconf 88' lang='lat' dir='ltr'>ore</span> <span class='ocrx_word' id='word_1_39' title='bbox 1193 585 1315 616; x_wconf 78' lang='lat' dir='ltr'>rosas</span> <span class='ocrx_word' id='word_1_40' title='bbox 1335 586 1346 614; x_wconf 94' lang='lat'><strong>:</strong></span> 
     </span>
    </p>
   </div>
   <div class='ocr_carea' id='block_1_6' title="bbox 247 643 1436 714">
    <p class='ocr_par' dir='ltr' id='par_1_7' title="bbox 247 643 1436 714">
     <span class='ocr_line' id='line_1_9' title="bbox 247 643 1436 714; baseline -0.007 -14"><span class='ocrx_word' id='word_1_41' title='bbox 247 649 424 701; x_wconf 90' lang='lat' dir='ltr'>Chloris</span> <span class='ocrx_word' id='word_1_42' title='bbox 449 667 564 697; x_wconf 88' lang='lat' dir='ltr'>eram</span> <span class='ocrx_word' id='word_1_43' title='bbox 580 685 593 705; x_wconf 86' lang='lat'>,</span> <span class='ocrx_word' id='word_1_44' title='bbox 620 666 716 714; x_wconf 85' lang='lat' dir='ltr'>quae</span> <span class='ocrx_word' id='word_1_45' title='bbox 734 645 864 695; x_wconf 88' lang='lat' dir='ltr'>Flora</span> <span class='ocrx_word' id='word_1_46' title='bbox 888 663 1046 694; x_wconf 83' lang='lat' dir='ltr'>vocor:</span> <span class='ocrx_word' id='word_1_47' title='bbox 1067 656 1275 712; x_wconf 84' lang='lat' dir='ltr'>corrupta</span> <span class='ocrx_word' id='word_1_48' title='bbox 1299 643 1436 693; x_wconf 72' lang='lat' dir='ltr'>latino</span> 
     </span>
    </p>
   </div>
   <div class='ocr_carea' id='block_1_7' title="bbox 1610 659 1671 704">
    <p class='ocr_par' dir='ltr' id='par_1_8' title="bbox 1610 659 1671 704">
     <span class='ocr_line' id='line_1_10' title="bbox 1610 659 1671 704; baseline 0 0"><span class='ocrx_word' id='word_1_49' title='bbox 1610 659 1671 704; x_wconf 67' lang='lat'>¹9⁵</span> 
     </span>
    </p>
   </div>
   <div class='ocr_carea' id='block_1_8' title="bbox 247 722 1425 870">
    <p class='ocr_par' dir='ltr' id='par_1_9' title="bbox 247 722 1425 870">
     <span class='ocr_line' id='line_1_11' title="bbox 309 722 1221 785; baseline -0.008 -9"><span class='ocrx_word' id='word_1_50' title='bbox 309 725 513 776; x_wconf 76' lang='lat' dir='ltr'>Nominis</span> <span class='ocrx_word' id='word_1_51' title='bbox 534 736 601 773; x_wconf 84' lang='lat' dir='ltr'>est</span> <span class='ocrx_word' id='word_1_52' title='bbox 624 724 765 772; x_wconf 83' lang='lat' dir='ltr'><strong>nostri</strong></span> <span class='ocrx_word' id='word_1_53' title='bbox 785 722 909 772; x_wconf 88' lang='lat' dir='ltr'>litera</span> <span class='ocrx_word' id='word_1_54' title='bbox 935 741 1070 785; x_wconf 75' lang='lat' dir='ltr'>graeca</span> <span class='ocrx_word' id='word_1_55' title='bbox 1096 741 1221 771; x_wconf 89' lang='lat' dir='ltr'>sono.</span> 
     </span>
     <span class='ocr_line' id='line_1_12' title="bbox 247 798 1425 870; baseline -0.007 -16"><span class='ocrx_word' id='word_1_56' title='bbox 247 803 422 854; x_wconf 83' lang='lat' dir='ltr'>Chloris</span> <span class='ocrx_word' id='word_1_57' title='bbox 448 821 561 852; x_wconf 86' lang='lat' dir='ltr'>eram</span> <span class='ocrx_word' id='word_1_58' title='bbox 578 839 590 861; x_wconf 89' lang='lat'>,</span> <span class='ocrx_word' id='word_1_59' title='bbox 618 801 823 870; x_wconf 82' lang='lat' dir='ltr'>Nymphe</span> <span class='ocrx_word' id='word_1_60' title='bbox 842 799 985 868; x_wconf 89' lang='lat' dir='ltr'>campi</span> <span class='ocrx_word' id='word_1_61' title='bbox 1007 799 1172 858; x_wconf 83' lang='lat' dir='ltr'>felicis,</span> <span class='ocrx_word' id='word_1_62' title='bbox 1196 798 1275 848; x_wconf 86' lang='lat' dir='ltr'>ubi</span> <span class='ocrx_word' id='word_1_63' title='bbox 1297 798 1425 847; x_wconf 82' lang='lat' dir='ltr'>audis</span> 
     </span>
    </p>
   </div>
   <div class='ocr_carea' id='block_1_9' title="bbox 243 910 939 2737">
    <p class='ocr_par' dir='ltr' id='par_1_10' title="bbox 243 910 939 2737">
     <span class='ocr_line' id='line_1_13' title="bbox 251 910 929 951; baseline -0.001 -3"><span class='ocrx_word' id='word_1_64' title='bbox 251 916 384 951; x_wconf 80' lang='lat' dir='ltr'>Verum</span> <span class='ocrx_word' id='word_1_65' title='bbox 396 926 463 950; x_wconf 86' lang='lat' dir='ltr'>nec</span> <span class='ocrx_word' id='word_1_66' title='bbox 472 912 543 949; x_wconf 88' lang='lat' dir='ltr'>ludi</span> <span class='ocrx_word' id='word_1_67' title='bbox 553 911 679 948; x_wconf 77' lang='lat' dir='ltr'>scenici</span> <span class='ocrx_word' id='word_1_68' title='bbox 693 912 728 947; x_wconf 87' lang='lat' dir='ltr'>in</span> <span class='ocrx_word' id='word_1_69' title='bbox 746 910 838 947; x_wconf 87' lang='lat' dir='ltr'>circo</span> <span class='ocrx_word' id='word_1_70' title='bbox 849 911 929 947; x_wconf 75' lang='lat' dir='ltr'>sue-</span> 
     </span>
     <span class='ocr_line' id='line_1_14' title="bbox 246 964 930 1011; baseline -0.004 -8"><span class='ocrx_word' id='word_1_71' title='bbox 246 982 306 1011; x_wconf 93' lang='lat' dir='ltr'>re,</span> <span class='ocrx_word' id='word_1_72' title='bbox 333 981 398 1002; x_wconf 90' lang='lat' dir='ltr'>nec</span> <span class='ocrx_word' id='word_1_73' title='bbox 421 966 477 1001; x_wconf 84' lang='lat' dir='ltr'>hic</span> <span class='ocrx_word' id='word_1_74' title='bbox 503 978 580 1001; x_wconf 82' lang='lat' dir='ltr'>mos</span> <span class='ocrx_word' id='word_1_75' title='bbox 603 965 758 1000; x_wconf 82' lang='lat' dir='ltr'>romanis</span> <span class='ocrx_word' id='word_1_76' title='bbox 783 964 870 1009; x_wconf 87' lang='lat' dir='ltr'>suit,</span> <span class='ocrx_word' id='word_1_77' title='bbox 889 971 930 1000; x_wconf 85' lang='lat' dir='ltr'>ut</span> 
     </span>
     <span class='ocr_line' id='line_1_15' title="bbox 247 1017 929 1065; baseline -0.006 -10"><span class='ocrx_word' id='word_1_78' title='bbox 247 1020 289 1055; x_wconf 86' lang='lat' dir='ltr'>ad</span> <span class='ocrx_word' id='word_1_79' title='bbox 315 1020 516 1065; x_wconf 84' lang='lat' dir='ltr'>clangorem</span> <span class='ocrx_word' id='word_1_80' title='bbox 534 1018 627 1053; x_wconf 74' lang='lat' dir='ltr'>tubae</span> <span class='ocrx_word' id='word_1_81' title='bbox 645 1017 759 1064; x_wconf 86' lang='lat' dir='ltr'>palma</span> <span class='ocrx_word' id='word_1_82' title='bbox 786 1030 929 1052; x_wconf 82' lang='lat' dir='ltr'>renun-</span> 
     </span>
     <span class='ocr_line' id='line_1_16' title="bbox 246 1069 931 1107; baseline -0.004 0"><span class='ocrx_word' id='word_1_83' title='bbox 246 1071 591 1107; x_wconf 65' lang='lat' dir='ltr'>stantun—Munus</span> <span class='ocrx_word' id='word_1_84' title='bbox 606 1070 712 1105; x_wconf 90' lang='lat' dir='ltr'>etiam</span> <span class='ocrx_word' id='word_1_85' title='bbox 729 1069 773 1104; x_wconf 89' lang='lat' dir='ltr'>de</span> <span class='ocrx_word' id='word_1_86' title='bbox 790 1069 879 1104; x_wconf 81' lang='lat' dir='ltr'>ludis</span> <span class='ocrx_word' id='word_1_87' title='bbox 894 1076 931 1104; x_wconf 87' lang='lat' dir='ltr'>et</span> 
     </span>
     <span class='ocr_line' id='line_1_17' title="bbox 243 1120 930 1170; baseline -0.004 -11"><span class='ocrx_word' id='word_1_88' title='bbox 243 1122 455 1170; x_wconf 74' lang='lat' dir='ltr'>spectaculis·</span> <span class='ocrx_word' id='word_1_89' title='bbox 470 1122 608 1158; x_wconf 86' lang='lat' dir='ltr'>Ernest.</span> <span class='ocrx_word' id='word_1_90' title='bbox 625 1120 724 1157; x_wconf 78' lang='lat' dir='ltr'>Clav.</span> <span class='ocrx_word' id='word_1_91' title='bbox 738 1120 853 1156; x_wconf 80' lang='lat' dir='ltr'>Cicer.</span> <span class='ocrx_word' id='word_1_92' title='bbox 866 1120 930 1156; x_wconf 83' lang='lat' dir='ltr'>hac</span> 
     </span>
     <span class='ocr_line' id='line_1_18' title="bbox 245 1172 928 1220; baseline -0.007 -9"><span class='ocrx_word' id='word_1_93' title='bbox 245 1189 330 1212; x_wconf 76' lang='lat' dir='ltr'>voce</span> <span class='ocrx_word' id='word_1_94' title='bbox 345 1202 355 1219; x_wconf 89' lang='lat'>,</span> <span class='ocrx_word' id='word_1_95' title='bbox 368 1176 527 1211; x_wconf 81' lang='lat' dir='ltr'>observat</span> <span class='ocrx_word' id='word_1_96' title='bbox 542 1187 681 1220; x_wconf 80' lang='lat' dir='ltr'>semper</span> <span class='ocrx_word' id='word_1_97' title='bbox 695 1174 738 1209; x_wconf 86' lang='lat' dir='ltr'>de</span> <span class='ocrx_word' id='word_1_98' title='bbox 751 1172 928 1220; x_wconf 57' lang='lat' dir='ltr'>gladiato«-</span> 
     </span>
     <span class='ocr_line' id='line_1_19' title="bbox 246 1226 929 1271; baseline -0.007 -7"><span class='ocrx_word' id='word_1_99' title='bbox 246 1229 307 1264; x_wconf 86' lang='lat' dir='ltr'>riis</span> <span class='ocrx_word' id='word_1_100' title='bbox 323 1227 413 1270; x_wconf 85' lang='lat' dir='ltr'>dici;</span> <span class='ocrx_word' id='word_1_101' title='bbox 443 1226 614 1263; x_wconf 80' lang='lat' dir='ltr'>Ovidium</span> <span class='ocrx_word' id='word_1_102' title='bbox 645 1233 763 1261; x_wconf 89' lang='lat' dir='ltr'>autem</span> <span class='ocrx_word' id='word_1_103' title='bbox 777 1252 788 1269; x_wconf 87' lang='lat'>,</span> <span class='ocrx_word' id='word_1_104' title='bbox 817 1237 929 1271; x_wconf 87' lang='lat' dir='ltr'>quum</span> 
     </span>
     <span class='ocr_line' id='line_1_20' title="bbox 247 1277 931 1322; baseline -0.009 -4"><span class='ocrx_word' id='word_1_105' title='bbox 247 1281 314 1318; x_wconf 78' lang='lat' dir='ltr'>hoc</span> <span class='ocrx_word' id='word_1_106' title='bbox 330 1282 405 1316; x_wconf 89' lang='lat' dir='ltr'>loco</span> <span class='ocrx_word' id='word_1_107' title='bbox 420 1284 507 1315; x_wconf 69' lang='lat' dir='ltr'>ct&#39;rw&#39;</span> <span class='ocrx_word' id='word_1_108' title='bbox 524 1292 643 1315; x_wconf 74' lang='lat' dir='ltr'>munus</span> <span class='ocrx_word' id='word_1_109' title='bbox 667 1278 813 1322; x_wconf 83' lang='lat' dir='ltr'>dixerit,</span> <span class='ocrx_word' id='word_1_110' title='bbox 833 1277 931 1313; x_wconf 82' lang='lat' dir='ltr'>locu-</span> 
     </span>
     <span class='ocr_line' id='line_1_21' title="bbox 249 1329 932 1378; baseline -0.009 -9"><span class='ocrx_word' id='word_1_111' title='bbox 249 1341 325 1369; x_wconf 88' lang='lat' dir='ltr'>tum</span> <span class='ocrx_word' id='word_1_112' title='bbox 342 1346 414 1368; x_wconf 84' lang='lat' dir='ltr'>esse</span> <span class='ocrx_word' id='word_1_113' title='bbox 432 1339 471 1367; x_wconf 88' lang='lat' dir='ltr'>ut</span> <span class='ocrx_word' id='word_1_114' title='bbox 480 1338 632 1378; x_wconf 82' lang='lat' dir='ltr'>poetam.</span> <span class='ocrx_word' id='word_1_115' title='bbox 645 1332 782 1366; x_wconf 81' lang='lat' dir='ltr'>Verum</span> <span class='ocrx_word' id='word_1_116' title='bbox 792 1330 828 1365; x_wconf 90' lang='lat' dir='ltr'>in</span> <span class='ocrx_word' id='word_1_117' title='bbox 848 1329 932 1364; x_wconf 81' lang='lat' dir='ltr'>Flo-</span> 
     </span>
     <span class='ocr_line' id='line_1_22' title="bbox 248 1382 932 1422; baseline -0.009 0"><span class='ocrx_word' id='word_1_118' title='bbox 248 1398 297 1422; x_wconf 65' lang='grc' dir='ltr'>τε</span> <span class='ocrx_word' id='word_1_119' title='bbox 308 1386 400 1421; x_wconf 83' lang='lat' dir='ltr'>circo</span> <span class='ocrx_word' id='word_1_120' title='bbox 412 1385 518 1420; x_wconf 78' lang='lat' dir='ltr'>etiam</span> <span class='ocrx_word' id='word_1_121' title='bbox 531 1383 702 1419; x_wconf 79' lang='lat' dir='ltr'>venatorii</span> <span class='ocrx_word' id='word_1_122' title='bbox 715 1382 787 1418; x_wconf 80' lang='lat' dir='ltr'>ludi</span> <span class='ocrx_word' id='word_1_123' title='bbox 798 1382 932 1417; x_wconf 80' lang='lat' dir='ltr'>daban-</span> 
     </span>
     <span class='ocr_line' id='line_1_23' title="bbox 247 1437 934 1481; baseline -0.007 -8"><span class='ocrx_word' id='word_1_124' title='bbox 247 1445 307 1474; x_wconf 83' lang='lat' dir='ltr'>tur</span> <span class='ocrx_word' id='word_1_125' title='bbox 324 1452 334 1479; x_wconf 72' lang='grc' dir='ltr'>ς</span> <span class='ocrx_word' id='word_1_126' title='bbox 361 1450 448 1472; x_wconf 80' lang='lat' dir='ltr'>vers.</span> <span class='ocrx_word' id='word_1_127' title='bbox 459 1437 534 1481; x_wconf 77' lang='lat'><strong>37¹.</strong></span> <span class='ocrx_word' id='word_1_128' title='bbox 550 1454 595 1462; x_wconf 94' lang='lat'>—</span> <span class='ocrx_word' id='word_1_129' title='bbox 606 1437 690 1471; x_wconf 67' lang='lat' dir='ltr'>Cam</span> <span class='ocrx_word' id='word_1_130' title='bbox 704 1438 934 1470; x_wconf 57' lang='lat' dir='ltr'>cli-cinnum</span> 
     </span>
     <span class='ocr_line' id='line_1_24' title="bbox 249 1488 930 1533; baseline -0.007 -7"><span class='ocrx_word' id='word_1_131' title='bbox 249 1502 380 1526; x_wconf 78' lang='lat' dir='ltr'>carmen</span> <span class='ocrx_word' id='word_1_132' title='bbox 403 1495 461 1524; x_wconf 76' lang='lat' dir='ltr'>ea!</span> <span class='ocrx_word' id='word_1_133' title='bbox 484 1488 634 1524; x_wconf 60' lang='lat' dir='ltr'>lansius</span> <span class='ocrx_word' id='word_1_134' title='bbox 649 1488 903 1533; x_wconf 80' lang='lat' dir='ltr'>interpretatur</span> <span class='ocrx_word' id='word_1_135' title='bbox 922 1499 930 1521; x_wconf 90' lang='lat'>:</span> 
     </span>
     <span class='ocr_line' id='line_1_25' title="bbox 249 1539 931 1583; baseline -0.007 -5"><span class='ocrx_word' id='word_1_136' title='bbox 249 1554 393 1578; x_wconf 69' lang='lat' dir='ltr'>carmen</span> <span class='ocrx_word' id='word_1_137' title='bbox 410 1553 530 1576; x_wconf 86' lang='lat' dir='ltr'>meum</span> <span class='ocrx_word' id='word_1_138' title='bbox 548 1540 609 1575; x_wconf 85' lang='lat' dir='ltr'>tibi</span> <span class='ocrx_word' id='word_1_139' title='bbox 622 1539 814 1583; x_wconf 75' lang='lat' dir='ltr'>offeratur,</span> <span class='ocrx_word' id='word_1_140' title='bbox 833 1546 931 1574; x_wconf 85' lang='lat' dir='ltr'>tam-</span> 
     </span>
     <span class='ocr_line' id='line_1_26' title="bbox 250 1590 932 1641; baseline -0.004 -12"><span class='ocrx_word' id='word_1_141' title='bbox 250 1606 355 1641; x_wconf 84' lang='lat' dir='ltr'>quam</span> <span class='ocrx_word' id='word_1_142' title='bbox 377 1606 528 1636; x_wconf 78' lang='lat' dir='ltr'>munus,</span> <span class='ocrx_word' id='word_1_143' title='bbox 552 1605 623 1628; x_wconf 86' lang='lat' dir='ltr'>una</span> <span class='ocrx_word' id='word_1_144' title='bbox 644 1604 725 1627; x_wconf 85' lang='lat' dir='ltr'>cum</span> <span class='ocrx_word' id='word_1_145' title='bbox 746 1590 932 1627; x_wconf 82' lang='lat' dir='ltr'>Circensi-</span> 
     </span>
     <span class='ocr_line' id='line_1_27' title="bbox 250 1643 933 1691; baseline -0.006 -10"><span class='ocrx_word' id='word_1_146' title='bbox 250 1646 324 1681; x_wconf 83' lang='lat' dir='ltr'>bus.</span> <span class='ocrx_word' id='word_1_147' title='bbox 348 1644 525 1691; x_wconf 84' lang='lat' dir='ltr'>Equidem</span> <span class='ocrx_word' id='word_1_148' title='bbox 544 1644 664 1679; x_wconf 86' lang='lat' dir='ltr'>malim</span> <span class='ocrx_word' id='word_1_149' title='bbox 691 1643 845 1689; x_wconf 83' lang='lat' dir='ltr'>accipere</span> <span class='ocrx_word' id='word_1_150' title='bbox 859 1668 869 1686; x_wconf 91' lang='lat'>,</span> <span class='ocrx_word' id='word_1_151' title='bbox 893 1649 933 1677; x_wconf 92' lang='lat' dir='ltr'>ut</span> 
     </span>
     <span class='ocr_line' id='line_1_28' title="bbox 251 1696 934 1740; baseline -0.007 -7"><span class='ocrx_word' id='word_1_152' title='bbox 251 1697 286 1733; x_wconf 88' lang='lat' dir='ltr'>ll</span> <span class='ocrx_word' id='word_1_153' title='bbox 300 1723 310 1740; x_wconf 86' lang='lat'>,</span> <span class='ocrx_word' id='word_1_154' title='bbox 331 1711 349 1732; x_wconf 78' lang='lat' dir='ltr'>a</span> <span class='ocrx_word' id='word_1_155' title='bbox 366 1710 374 1732; x_wconf 89' lang='lat'><strong>:</strong></span> <span class='ocrx_word' id='word_1_156' title='bbox 394 1698 494 1733; x_wconf 74' lang='lat' dir='ltr'>Alter</span> <span class='ocrx_word' id='word_1_157' title='bbox 504 1702 542 1732; x_wconf 78' lang='lat' dir='ltr'>u!</span> <span class='ocrx_word' id='word_1_158' title='bbox 560 1698 639 1731; x_wconf 76' lang='lat' dir='ltr'>hinc</span> <span class='ocrx_word' id='word_1_159' title='bbox 654 1699 778 1730; x_wconf 71' lang='lat' dir='ltr'>nense&#39;s</span> <span class='ocrx_word' id='word_1_160' title='bbox 791 1722 799 1735; x_wconf 83' lang='lat'>‚</span> <span class='ocrx_word' id='word_1_161' title='bbox 816 1697 869 1729; x_wconf 80' lang='lat' dir='ltr'>sic</span> <span class='ocrx_word' id='word_1_162' title='bbox 885 1696 934 1728; x_wconf 79' lang='lat'>11·-</span> 
     </span>
     <span class='ocr_line' id='line_1_29' title="bbox 249 1746 934 1792; baseline -0.004 -9"><span class='ocrx_word' id='word_1_163' title='bbox 249 1751 308 1783; x_wconf 62' lang='grc' dir='ltr'>ὄιν</span> <span class='ocrx_word' id='word_1_164' title='bbox 322 1750 410 1783; x_wconf 83' lang='lat' dir='ltr'>aller</span> <span class='ocrx_word' id='word_1_165' title='bbox 421 1755 487 1785; x_wconf 80' lang='lat' dir='ltr'>eat.</span> <span class='ocrx_word' id='word_1_166' title='bbox 495 1749 689 1788; x_wconf 60' lang='lat' dir='ltr'>-Auctom</span> <span class='ocrx_word' id='word_1_167' title='bbox 704 1746 934 1792; x_wconf 88' lang='lat' dir='ltr'>interpres.—</span> 
     </span>
     <span class='ocr_line' id='line_1_30' title="bbox 250 1798 932 1845; baseline -0.004 -10"><span class='ocrx_word' id='word_1_168' title='bbox 250 1803 367 1836; x_wconf 74' lang='lat' dir='ltr'>Rosos</span> <span class='ocrx_word' id='word_1_169' title='bbox 378 1828 387 1842; x_wconf 83' lang='lat'>,</span> <span class='ocrx_word' id='word_1_170' title='bbox 410 1800 558 1836; x_wconf 83' lang='lat' dir='ltr'>odorem</span> <span class='ocrx_word' id='word_1_171' title='bbox 575 1812 733 1836; x_wconf 82' lang='lat' dir='ltr'>rosarum</span> <span class='ocrx_word' id='word_1_172' title='bbox 746 1826 756 1844; x_wconf 89' lang='lat'>,</span> <span class='ocrx_word' id='word_1_173' title='bbox 773 1799 834 1845; x_wconf 83' lang='lat' dir='ltr'>qui</span> <span class='ocrx_word' id='word_1_174' title='bbox 844 1798 932 1833; x_wconf 85' lang='lat' dir='ltr'>odor</span> 
     </span>
     <span class='ocr_line' id='line_1_31' title="bbox 251 1850 933 1896; baseline -0.004 -8"><span class='ocrx_word' id='word_1_175' title='bbox 251 1853 381 1888; x_wconf 80' lang='lat' dir='ltr'>mansit</span> <span class='ocrx_word' id='word_1_176' title='bbox 393 1853 498 1888; x_wconf 89' lang='lat' dir='ltr'>etiam</span> <span class='ocrx_word' id='word_1_177' title='bbox 512 1879 522 1896; x_wconf 90' lang='lat'>,</span> <span class='ocrx_word' id='word_1_178' title='bbox 538 1852 598 1887; x_wconf 81' lang='lat' dir='ltr'>ubi</span> <span class='ocrx_word' id='word_1_179' title='bbox 609 1850 781 1893; x_wconf 76' lang='lat' dir='ltr'>discessit;</span> <span class='ocrx_word' id='word_1_180' title='bbox 794 1864 842 1886; x_wconf 83' lang='lat' dir='ltr'>vs.</span> <span class='ocrx_word' id='word_1_181' title='bbox 857 1850 933 1896; x_wconf 75' lang='lat'><strong>³76.</strong></span> 
     </span>
     <span class='ocr_line' id='line_1_32' title="bbox 310 1902 933 1953; baseline -0.006 -13"><span class='ocrx_word' id='word_1_182' title='bbox 310 1907 474 1953; x_wconf 69' lang='lat'>195-274.</span> <span class='ocrx_word' id='word_1_183' title='bbox 489 1903 751 1940; x_wconf 81' lang='lat' dir='ltr'>Jucundissima</span> <span class='ocrx_word' id='word_1_184' title='bbox 776 1902 933 1938; x_wconf 83' lang='lat' dir='ltr'>narratio</span> 
     </span>
     <span class='ocr_line' id='line_1_33' title="bbox 252 1955 934 2002; baseline -0.004 -10"><span class='ocrx_word' id='word_1_185' title='bbox 252 1956 295 1993; x_wconf 80' lang='lat' dir='ltr'>de</span> <span class='ocrx_word' id='word_1_186' title='bbox 309 1959 418 1992; x_wconf 75' lang='lat' dir='ltr'>Horae</span> <span class='ocrx_word' id='word_1_187' title='bbox 426 1960 553 2002; x_wconf 59' lang='lat' dir='ltr'>origin</span> <span class='ocrx_word' id='word_1_188' title='bbox 564 1963 600 1992; x_wconf 85' lang='lat' dir='ltr'>e!</span> <span class='ocrx_word' id='word_1_189' title='bbox 607 1961 786 2002; x_wconf 73' lang='lat' dir='ltr'>potestate.</span> <span class='ocrx_word' id='word_1_190' title='bbox 796 1955 934 1990; x_wconf 88' lang='lat' dir='ltr'>Secun-</span> 
     </span>
     <span class='ocr_line' id='line_1_34' title="bbox 253 2006 933 2054; baseline -0.006 -9"><span class='ocrx_word' id='word_1_191' title='bbox 253 2009 338 2045; x_wconf 86' lang='lat' dir='ltr'>dum</span> <span class='ocrx_word' id='word_1_192' title='bbox 358 2010 558 2045; x_wconf 84' lang='lat' dir='ltr'>Varronem</span> <span class='ocrx_word' id='word_1_193' title='bbox 575 2007 619 2043; x_wconf 85' lang='lat' dir='ltr'>de</span> <span class='ocrx_word' id='word_1_194' title='bbox 639 2008 737 2054; x_wconf 72' lang='lat' dir='ltr'>Ling.</span> <span class='ocrx_word' id='word_1_195' title='bbox 764 2006 838 2042; x_wconf 82' lang='lat' dir='ltr'>Lat.</span> <span class='ocrx_word' id='word_1_196' title='bbox 860 2006 933 2050; x_wconf 81' lang='lat' dir='ltr'>lv,</span> 
     </span>
     <span class='ocr_line' id='line_1_35' title="bbox 256 2058 932 2107; baseline -0.004 -11"><span class='ocrx_word' id='word_1_197' title='bbox 256 2074 318 2105; x_wconf 77' lang='lat' dir='ltr'>io,</span> <span class='ocrx_word' id='word_1_198' title='bbox 344 2060 409 2097; x_wconf 79' lang='lat' dir='ltr'>suit</span> <span class='ocrx_word' id='word_1_199' title='bbox 438 2061 580 2107; x_wconf 85' lang='lat' dir='ltr'>antiqua</span> <span class='ocrx_word' id='word_1_200' title='bbox 601 2060 815 2096; x_wconf 81' lang='lat' dir='ltr'>Sabinorum</span> <span class='ocrx_word' id='word_1_201' title='bbox 844 2058 932 2101; x_wconf 85' lang='lat' dir='ltr'>dea,</span> 
     </span>
     <span class='ocr_line' id='line_1_36' title="bbox 252 2112 934 2158; baseline -0.004 -10"><span class='ocrx_word' id='word_1_202' title='bbox 252 2113 352 2158; x_wconf 82' lang='lat' dir='ltr'>cujus</span> <span class='ocrx_word' id='word_1_203' title='bbox 365 2113 499 2150; x_wconf 82' lang='lat' dir='ltr'>cultum</span> <span class='ocrx_word' id='word_1_204' title='bbox 510 2114 554 2149; x_wconf 82' lang='lat' dir='ltr'>T.</span> <span class='ocrx_word' id='word_1_205' title='bbox 566 2113 689 2149; x_wconf 80' lang='lat' dir='ltr'>Tatius</span> <span class='ocrx_word' id='word_1_206' title='bbox 707 2126 766 2148; x_wconf 77' lang='lat' dir='ltr'>rex</span> <span class='ocrx_word' id='word_1_207' title='bbox 779 2112 934 2147; x_wconf 78' lang='lat' dir='ltr'>Romam</span> 
     </span>
     <span class='ocr_line' id='line_1_37' title="bbox 254 2164 934 2212; baseline -0.005 -11"><span class='ocrx_word' id='word_1_208' title='bbox 254 2165 439 2202; x_wconf 68' lang='lat' dir='ltr'>transtulit.</span> <span class='ocrx_word' id='word_1_209' title='bbox 466 2165 662 2212; x_wconf 74' lang='lat' dir='ltr'>Scriptores</span> <span class='ocrx_word' id='word_1_210' title='bbox 695 2164 934 2208; x_wconf 80' lang='lat' dir='ltr'>ecclesiastici,</span> 
     </span>
     <span class='ocr_line' id='line_1_38' title="bbox 255 2217 935 2265; baseline 0 -12"><span class='ocrx_word' id='word_1_211' title='bbox 255 2217 391 2254; x_wconf 80' lang='lat' dir='ltr'>Minue.</span> <span class='ocrx_word' id='word_1_212' title='bbox 407 2218 523 2262; x_wconf 80' lang='lat' dir='ltr'>Felix,</span> <span class='ocrx_word' id='word_1_213' title='bbox 545 2218 666 2261; x_wconf 80' lang='lat' dir='ltr'>XXV,</span> <span class='ocrx_word' id='word_1_214' title='bbox 679 2230 720 2265; x_wconf 81' lang='lat'>9,</span> <span class='ocrx_word' id='word_1_215' title='bbox 736 2217 935 2253; x_wconf 81' lang='lat' dir='ltr'>Lactantius</span> 
     </span>
     <span class='ocr_line' id='line_1_39' title="bbox 255 2268 937 2315; baseline -0.003 -10"><span class='ocrx_word' id='word_1_216' title='bbox 255 2269 341 2305; x_wconf 82' lang='lat' dir='ltr'>lnst.</span> <span class='ocrx_word' id='word_1_217' title='bbox 360 2271 395 2315; x_wconf 87' lang='lat' dir='ltr'>l,</span> <span class='ocrx_word' id='word_1_218' title='bbox 414 2282 482 2315; x_wconf 77' lang='lat' dir='ltr'>xx,</span> <span class='ocrx_word' id='word_1_219' title='bbox 502 2270 545 2313; x_wconf 77' lang='grc' dir='ltr'>ὃ,</span> <span class='ocrx_word' id='word_1_220' title='bbox 575 2270 754 2305; x_wconf 70' lang='lat' dir='ltr'>Aruobius</span> <span class='ocrx_word' id='word_1_221' title='bbox 772 2268 937 2305; x_wconf 71' lang='lat' dir='ltr'>adversus</span> 
     </span>
     <span class='ocr_line' id='line_1_40' title="bbox 256 2321 936 2369; baseline -0.003 -11"><span class='ocrx_word' id='word_1_222' title='bbox 256 2322 391 2358; x_wconf 83' lang='lat' dir='ltr'>Gentes</span> <span class='ocrx_word' id='word_1_223' title='bbox 408 2323 461 2359; x_wconf 85' lang='grc' dir='ltr'>ΙΙΙ</span> <span class='ocrx_word' id='word_1_224' title='bbox 474 2347 486 2366; x_wconf 78' lang='grc'><em>,</em></span> <span class='ocrx_word' id='word_1_225' title='bbox 502 2335 535 2369; x_wconf 83' lang='lat' dir='ltr'>p.</span> <span class='ocrx_word' id='word_1_226' title='bbox 558 2322 618 2357; x_wconf 75' lang='lat'>113</span> <span class='ocrx_word' id='word_1_227' title='bbox 632 2348 641 2366; x_wconf 91' lang='lat'>,</span> <span class='ocrx_word' id='word_1_228' title='bbox 659 2334 784 2368; x_wconf 85' lang='lat' dir='ltr'>parum</span> <span class='ocrx_word' id='word_1_229' title='bbox 799 2321 936 2357; x_wconf 82' lang='lat' dir='ltr'>hones-</span> 
     </span>
     <span class='ocr_line' id='line_1_41' title="bbox 255 2373 935 2421; baseline -0.004 -10"><span class='ocrx_word' id='word_1_230' title='bbox 255 2383 326 2411; x_wconf 77' lang='lat' dir='ltr'>tam</span> <span class='ocrx_word' id='word_1_231' title='bbox 339 2377 371 2412; x_wconf 83' lang='lat' dir='ltr'>ei</span> <span class='ocrx_word' id='word_1_232' title='bbox 382 2375 466 2412; x_wconf 82' lang='lat' dir='ltr'>dant</span> <span class='ocrx_word' id='word_1_233' title='bbox 477 2375 661 2421; x_wconf 74' lang='lat' dir='ltr'>originem.</span> <span class='ocrx_word' id='word_1_234' title='bbox 680 2375 732 2411; x_wconf 78' lang='lat' dir='ltr'>Ex</span> <span class='ocrx_word' id='word_1_235' title='bbox 745 2381 819 2410; x_wconf 86' lang='lat' dir='ltr'>arte</span> <span class='ocrx_word' id='word_1_236' title='bbox 839 2373 935 2409; x_wconf 85' lang='lat' dir='ltr'>enim</span> 
     </span>
     <span class='ocr_line' id='line_1_42' title="bbox 257 2428 935 2475; baseline -0.003 -11"><span class='ocrx_word' id='word_1_237' title='bbox 257 2428 454 2464; x_wconf 80' lang='lat' dir='ltr'>meretricia</span> <span class='ocrx_word' id='word_1_238' title='bbox 465 2441 575 2475; x_wconf 85' lang='lat' dir='ltr'>quum</span> <span class='ocrx_word' id='word_1_239' title='bbox 589 2440 732 2475; x_wconf 75' lang='lat' dir='ltr'>magnas</span> <span class='ocrx_word' id='word_1_240' title='bbox 744 2440 828 2474; x_wconf 90' lang='lat' dir='ltr'>opes</span> <span class='ocrx_word' id='word_1_241' title='bbox 844 2438 935 2473; x_wconf 68' lang='lat' dir='ltr'>qun-</span> 
     </span>
     <span class='ocr_line' id='line_1_43' title="bbox 255 2479 936 2527; baseline -0.003 -11"><span class='ocrx_word' id='word_1_242' title='bbox 255 2482 383 2516; x_wconf 61' lang='lat' dir='ltr'>civim·</span> <span class='ocrx_word' id='word_1_243' title='bbox 393 2507 403 2524; x_wconf 92' lang='lat'>,</span> <span class='ocrx_word' id='word_1_244' title='bbox 417 2482 585 2527; x_wconf 88' lang='lat' dir='ltr'>populum</span> <span class='ocrx_word' id='word_1_245' title='bbox 603 2493 793 2517; x_wconf 86' lang='lat' dir='ltr'>romanum</span> <span class='ocrx_word' id='word_1_246' title='bbox 801 2479 936 2526; x_wconf 87' lang='lat' dir='ltr'>scripsit</span> 
     </span>
     <span class='ocr_line' id='line_1_44' title="bbox 257 2533 939 2581; baseline -0.001 -12"><span class='ocrx_word' id='word_1_247' title='bbox 257 2533 433 2569; x_wconf 66' lang='lat' dir='ltr'>heredem</span> <span class='ocrx_word' id='word_1_248' title='bbox 445 2561 454 2577; x_wconf 90' lang='lat'>,</span> <span class='ocrx_word' id='word_1_249' title='bbox 467 2541 668 2581; x_wconf 73' lang='lat' dir='ltr'>certamque</span> <span class='ocrx_word' id='word_1_250' title='bbox 682 2534 867 2581; x_wconf 81' lang='lat' dir='ltr'>pecuniam</span> <span class='ocrx_word' id='word_1_251' title='bbox 878 2545 939 2567; x_wconf 87' lang='lat' dir='ltr'>re-</span> 
     </span>
     <span class='ocr_line' id='line_1_45' title="bbox 258 2586 936 2631; baseline 0.001 -12"><span class='ocrx_word' id='word_1_252' title='bbox 258 2586 377 2631; x_wconf 77' lang='lat' dir='ltr'>liquit,</span> <span class='ocrx_word' id='word_1_253' title='bbox 395 2587 494 2631; x_wconf 71' lang='lat' dir='ltr'>cuius</span> <span class='ocrx_word' id='word_1_254' title='bbox 508 2600 549 2623; x_wconf 75' lang='lat' dir='ltr'>ex</span> <span class='ocrx_word' id='word_1_255' title='bbox 566 2599 687 2621; x_wconf 77' lang='lat' dir='ltr'>annuo</span> <span class='ocrx_word' id='word_1_256' title='bbox 704 2586 839 2622; x_wconf 79' lang='lat' dir='ltr'>l&#39;oenore</span> <span class='ocrx_word' id='word_1_257' title='bbox 864 2597 936 2620; x_wconf 80' lang='lat' dir='ltr'>na-</span> 
     </span>
     <span class='ocr_line' id='line_1_46' title="bbox 259 2636 939 2679; baseline 0 -6"><span class='ocrx_word' id='word_1_258' title='bbox 259 2638 333 2673; x_wconf 86' lang='lat' dir='ltr'>talis</span> <span class='ocrx_word' id='word_1_259' title='bbox 348 2650 430 2674; x_wconf 87' lang='lat' dir='ltr'>suus</span> <span class='ocrx_word' id='word_1_260' title='bbox 441 2638 675 2675; x_wconf 78' lang='lat' dir='ltr'>celebraretur</span> <span class='ocrx_word' id='word_1_261' title='bbox 685 2637 775 2674; x_wconf 86' lang='lat' dir='ltr'>ludis</span> <span class='ocrx_word' id='word_1_262' title='bbox 786 2652 795 2679; x_wconf 67' lang='grc' dir='ltr'>ς</span> <span class='ocrx_word' id='word_1_263' title='bbox 808 2636 868 2674; x_wconf 89' lang='lat' dir='ltr'>sed</span> <span class='ocrx_word' id='word_1_264' title='bbox 881 2650 939 2673; x_wconf 87' lang='lat' dir='ltr'>se-</span> 
     </span>
     <span class='ocr_line' id='line_1_47' title="bbox 257 2689 939 2737; baseline 0 -12"><span class='ocrx_word' id='word_1_265' title='bbox 257 2696 360 2726; x_wconf 83' lang='lat' dir='ltr'>natus</span> <span class='ocrx_word' id='word_1_266' title='bbox 367 2714 379 2733; x_wconf 81' lang='lat'>,</span> <span class='ocrx_word' id='word_1_267' title='bbox 389 2697 427 2725; x_wconf 90' lang='lat' dir='ltr'>ut</span> <span class='ocrx_word' id='word_1_268' title='bbox 435 2689 611 2736; x_wconf 71' lang='lat' dir='ltr'>pudenda</span> <span class='ocrx_word' id='word_1_269' title='bbox 623 2691 674 2726; x_wconf 76' lang='lat' dir='ltr'>rei</span> <span class='ocrx_word' id='word_1_270' title='bbox 684 2689 833 2737; x_wconf 69' lang='lat' dir='ltr'>dignitas</span> <span class='ocrx_word' id='word_1_271' title='bbox 841 2700 939 2736; x_wconf 73' lang='lat' dir='ltr'>qu·-</span> 
     </span>
    </p>
   </div>
   <div class='ocr_carea' id='block_1_10' title="bbox 993 909 1688 2735">
    <p class='ocr_par' dir='ltr' id='par_1_11' title="bbox 993 909 1682 1941">
     <span class='ocr_line' id='line_1_48' title="bbox 994 909 1673 957; baseline 0.003 -11"><span class='ocrx_word' id='word_1_272' title='bbox 994 911 1076 947; x_wconf 85' lang='lat' dir='ltr'>dam</span> <span class='ocrx_word' id='word_1_273' title='bbox 1093 910 1300 956; x_wconf 79' lang='lat' dir='ltr'>adderetur,</span> <span class='ocrx_word' id='word_1_274' title='bbox 1329 910 1428 946; x_wconf 82' lang='lat' dir='ltr'>finxit</span> <span class='ocrx_word' id='word_1_275' title='bbox 1444 909 1546 946; x_wconf 88' lang='lat' dir='ltr'>deam</span> <span class='ocrx_word' id='word_1_276' title='bbox 1559 939 1569 955; x_wconf 92' lang='lat'>,</span> <span class='ocrx_word' id='word_1_277' title='bbox 1596 925 1673 957; x_wconf 65' lang='lat' dir='ltr'>qua</span> 
     </span>
     <span class='ocr_line' id='line_1_49' title="bbox 993 963 1670 1010; baseline 0.001 -11"><span class='ocrx_word' id='word_1_278' title='bbox 993 963 1137 999; x_wconf 85' lang='lat' dir='ltr'>floribus</span> <span class='ocrx_word' id='word_1_279' title='bbox 1152 971 1312 1009; x_wconf 67' lang='lat' dir='ltr'>preesset</span> <span class='ocrx_word' id='word_1_280' title='bbox 1323 989 1333 1007; x_wconf 88' lang='lat'>,</span> <span class='ocrx_word' id='word_1_281' title='bbox 1349 976 1497 1009; x_wconf 84' lang='lat' dir='ltr'>eamque</span> <span class='ocrx_word' id='word_1_282' title='bbox 1508 971 1670 1010; x_wconf 79' lang='lat' dir='ltr'>oportere</span> 
     </span>
     <span class='ocr_line' id='line_1_50' title="bbox 994 1015 1673 1063; baseline 0 -12"><span class='ocrx_word' id='word_1_283' title='bbox 994 1016 1119 1063; x_wconf 83' lang='lat' dir='ltr'>placari</span> <span class='ocrx_word' id='word_1_284' title='bbox 1132 1042 1142 1060; x_wconf 87' lang='lat'>,</span> <span class='ocrx_word' id='word_1_285' title='bbox 1155 1023 1192 1051; x_wconf 93' lang='lat' dir='ltr'>ut</span> <span class='ocrx_word' id='word_1_286' title='bbox 1205 1015 1320 1062; x_wconf 73' lang='lat' dir='ltr'>fruges</span> <span class='ocrx_word' id='word_1_287' title='bbox 1330 1028 1411 1051; x_wconf 89' lang='lat' dir='ltr'>cum</span> <span class='ocrx_word' id='word_1_288' title='bbox 1425 1016 1606 1051; x_wconf 79' lang='lat' dir='ltr'>arboribus</span> <span class='ocrx_word' id='word_1_289' title='bbox 1620 1018 1673 1051; x_wconf 85' lang='lat' dir='ltr'>vi-</span> 
     </span>
     <span class='ocr_line' id='line_1_51' title="bbox 993 1067 1674 1114; baseline -0.001 -10"><span class='ocrx_word' id='word_1_290' title='bbox 993 1069 1154 1114; x_wconf 81' lang='lat' dir='ltr'>tibusque</span> <span class='ocrx_word' id='word_1_291' title='bbox 1173 1067 1408 1104; x_wconf 80' lang='lat' dir='ltr'>florescerent.</span> <span class='ocrx_word' id='word_1_292' title='bbox 1428 1068 1521 1114; x_wconf 64' lang='lat' dir='ltr'>Qut</span> <span class='ocrx_word' id='word_1_293' title='bbox 1534 1069 1674 1104; x_wconf 84' lang='lat' dir='ltr'>traditio</span> 
     </span>
     <span class='ocr_line' id='line_1_52' title="bbox 995 1119 1674 1165; baseline 0 -11"><span class='ocrx_word' id='word_1_294' title='bbox 995 1119 1160 1155; x_wconf 88' lang='lat' dir='ltr'>ludorum</span> <span class='ocrx_word' id='word_1_295' title='bbox 1174 1146 1184 1163; x_wconf 91' lang='lat'>,</span> <span class='ocrx_word' id='word_1_296' title='bbox 1209 1120 1334 1165; x_wconf 81' lang='lat' dir='ltr'>quibus</span> <span class='ocrx_word' id='word_1_297' title='bbox 1351 1120 1455 1155; x_wconf 79' lang='lat' dir='ltr'>Flora</span> <span class='ocrx_word' id='word_1_298' title='bbox 1472 1119 1652 1155; x_wconf 84' lang='lat' dir='ltr'>colebatur</span> <span class='ocrx_word' id='word_1_299' title='bbox 1665 1146 1674 1163; x_wconf 87' lang='lat'>,</span> 
     </span>
     <span class='ocr_line' id='line_1_53' title="bbox 993 1171 1673 1218; baseline -0.001 -11"><span class='ocrx_word' id='word_1_300' title='bbox 993 1172 1127 1207; x_wconf 82' lang='lat' dir='ltr'>lascivia</span> <span class='ocrx_word' id='word_1_301' title='bbox 1148 1172 1348 1207; x_wconf 82' lang='lat' dir='ltr'>confirmari</span> <span class='ocrx_word' id='word_1_302' title='bbox 1376 1171 1525 1207; x_wconf 77' lang='lat' dir='ltr'>videtur.</span> <span class='ocrx_word' id='word_1_303' title='bbox 1552 1171 1673 1218; x_wconf 79' lang='lat' dir='ltr'>Longe</span> 
     </span>
     <span class='ocr_line' id='line_1_54' title="bbox 995 1224 1675 1266; baseline -0.003 -5"><span class='ocrx_word' id='word_1_304' title='bbox 995 1226 1058 1261; x_wconf 86' lang='lat' dir='ltr'>alia</span> <span class='ocrx_word' id='word_1_305' title='bbox 1073 1232 1190 1261; x_wconf 82' lang='lat' dir='ltr'>autern</span> <span class='ocrx_word' id='word_1_306' title='bbox 1207 1225 1357 1261; x_wconf 81' lang='lat' dir='ltr'>Ovidius</span> <span class='ocrx_word' id='word_1_307' title='bbox 1373 1224 1477 1261; x_wconf 79' lang='lat' dir='ltr'>habet</span> <span class='ocrx_word' id='word_1_308' title='bbox 1491 1238 1501 1266; x_wconf 71' lang='grc' dir='ltr'>ς</span> <span class='ocrx_word' id='word_1_309' title='bbox 1519 1237 1563 1260; x_wconf 92' lang='lat' dir='ltr'>eo</span> <span class='ocrx_word' id='word_1_310' title='bbox 1578 1225 1675 1260; x_wconf 84' lang='lat' dir='ltr'>enim</span> 
     </span>
     <span class='ocr_line' id='line_1_55' title="bbox 995 1276 1676 1325; baseline -0.004 -11"><span class='ocrx_word' id='word_1_311' title='bbox 995 1285 1135 1314; x_wconf 85' lang='lat' dir='ltr'>auctore</span> <span class='ocrx_word' id='word_1_312' title='bbox 1148 1303 1157 1320; x_wconf 88' lang='lat'>,</span> <span class='ocrx_word' id='word_1_313' title='bbox 1169 1277 1324 1325; x_wconf 65' lang='lat' dir='ltr'>nympha</span> <span class='ocrx_word' id='word_1_314' title='bbox 1334 1277 1400 1312; x_wconf 80' lang='lat' dir='ltr'>suit</span> <span class='ocrx_word' id='word_1_315' title='bbox 1411 1277 1446 1312; x_wconf 89' lang='lat' dir='ltr'>in</span> <span class='ocrx_word' id='word_1_316' title='bbox 1465 1277 1596 1324; x_wconf 85' lang='lat' dir='ltr'>campis</span> <span class='ocrx_word' id='word_1_317' title='bbox 1611 1276 1676 1312; x_wconf 75' lang='lat' dir='ltr'>sor—</span> 
     </span>
     <span class='ocr_line' id='line_1_56' title="bbox 995 1329 1676 1375; baseline -0.003 -10"><span class='ocrx_word' id='word_1_318' title='bbox 995 1330 1125 1365; x_wconf 86' lang='lat' dir='ltr'>tunatis</span> <span class='ocrx_word' id='word_1_319' title='bbox 1138 1356 1147 1373; x_wconf 88' lang='lat'>,</span> <span class='ocrx_word' id='word_1_320' title='bbox 1169 1330 1252 1364; x_wconf 89' lang='lat' dir='ltr'>olim</span> <span class='ocrx_word' id='word_1_321' title='bbox 1279 1330 1413 1364; x_wconf 67' lang='lat' dir='ltr'>Chloris</span> <span class='ocrx_word' id='word_1_322' title='bbox 1435 1329 1550 1373; x_wconf 75' lang='lat' dir='ltr'>dicta,</span> <span class='ocrx_word' id='word_1_323' title='bbox 1570 1341 1676 1375; x_wconf 86' lang='lat' dir='ltr'>quam</span> 
     </span>
     <span class='ocr_line' id='line_1_57' title="bbox 995 1379 1679 1428; baseline 0 -13"><span class='ocrx_word' id='word_1_324' title='bbox 995 1380 1179 1428; x_wconf 74' lang='lat' dir='ltr'>Zephyrus</span> <span class='ocrx_word' id='word_1_325' title='bbox 1198 1379 1317 1424; x_wconf 79' lang='lat' dir='ltr'>duxit,</span> <span class='ocrx_word' id='word_1_326' title='bbox 1340 1387 1376 1415; x_wconf 90' lang='lat' dir='ltr'>et</span> <span class='ocrx_word' id='word_1_327' title='bbox 1394 1392 1521 1426; x_wconf 77' lang='lat' dir='ltr'>magna</span> <span class='ocrx_word' id='word_1_328' title='bbox 1545 1381 1581 1415; x_wconf 88' lang='lat' dir='ltr'>in</span> <span class='ocrx_word' id='word_1_329' title='bbox 1610 1379 1679 1415; x_wconf 79' lang='lat' dir='ltr'>sso-</span> 
     </span>
     <span class='ocr_line' id='line_1_58' title="bbox 995 1432 1676 1479; baseline -0.001 -11"><span class='ocrx_word' id='word_1_330' title='bbox 995 1446 1051 1468; x_wconf 83' lang='lat' dir='ltr'>res</span> <span class='ocrx_word' id='word_1_331' title='bbox 1060 1440 1229 1479; x_wconf 77' lang='lat' dir='ltr'>potestate</span> <span class='ocrx_word' id='word_1_332' title='bbox 1243 1432 1336 1467; x_wconf 78' lang='lat' dir='ltr'>auxit</span> <span class='ocrx_word' id='word_1_333' title='bbox 1345 1459 1355 1476; x_wconf 91' lang='lat'>,</span> <span class='ocrx_word' id='word_1_334' title='bbox 1367 1445 1544 1479; x_wconf 82' lang='lat' dir='ltr'>quamque</span> <span class='ocrx_word' id='word_1_335' title='bbox 1556 1433 1654 1468; x_wconf 82' lang='lat' dir='ltr'>Mars</span> <span class='ocrx_word' id='word_1_336' title='bbox 1665 1459 1676 1476; x_wconf 91' lang='lat'>,</span> 
     </span>
     <span class='ocr_line' id='line_1_59' title="bbox 996 1484 1677 1531; baseline -0.003 -11"><span class='ocrx_word' id='word_1_337' title='bbox 996 1497 1105 1531; x_wconf 84' lang='lat' dir='ltr'>quum</span> <span class='ocrx_word' id='word_1_338' title='bbox 1113 1485 1145 1520; x_wconf 91' lang='lat' dir='ltr'>ei</span> <span class='ocrx_word' id='word_1_339' title='bbox 1154 1492 1271 1520; x_wconf 86' lang='lat' dir='ltr'>ortum</span> <span class='ocrx_word' id='word_1_340' title='bbox 1281 1497 1384 1520; x_wconf 85' lang='lat' dir='ltr'>suum</span> <span class='ocrx_word' id='word_1_341' title='bbox 1396 1484 1560 1528; x_wconf 83' lang='lat' dir='ltr'>deberet,</span> <span class='ocrx_word' id='word_1_342' title='bbox 1574 1484 1677 1519; x_wconf 83' lang='lat' dir='ltr'>deam</span> 
     </span>
     <span class='ocr_line' id='line_1_60' title="bbox 996 1535 1676 1573; baseline -0.004 0"><span class='ocrx_word' id='word_1_343' title='bbox 996 1550 1181 1573; x_wconf 78' lang='lat' dir='ltr'>romanam</span> <span class='ocrx_word' id='word_1_344' title='bbox 1206 1536 1299 1572; x_wconf 77' lang='lat' dir='ltr'>feeit.</span> <span class='ocrx_word' id='word_1_345' title='bbox 1330 1536 1478 1572; x_wconf 71' lang='lat' dir='ltr'>Lentim</span> <span class='ocrx_word' id='word_1_346' title='bbox 1504 1548 1524 1571; x_wconf 93' lang='lat' dir='ltr'>e</span> <span class='ocrx_word' id='word_1_347' title='bbox 1546 1535 1676 1572; x_wconf 82' lang='lat' dir='ltr'>Catulli</span> 
     </span>
     <span class='ocr_line' id='line_1_61' title="bbox 996 1588 1679 1626; baseline -0.004 -1"><span class='ocrx_word' id='word_1_348' title='bbox 996 1590 1151 1626; x_wconf 75' lang='lat' dir='ltr'>carmine</span> <span class='ocrx_word' id='word_1_349' title='bbox 1175 1588 1219 1624; x_wconf 87' lang='lat' dir='ltr'>de</span> <span class='ocrx_word' id='word_1_350' title='bbox 1244 1588 1433 1624; x_wconf 70' lang='lat' dir='ltr'>Berenices</span> <span class='ocrx_word' id='word_1_351' title='bbox 1458 1600 1558 1624; x_wconf 85' lang='lat' dir='ltr'>coma</span> <span class='ocrx_word' id='word_1_352' title='bbox 1579 1588 1679 1623; x_wconf 87' lang='lat' dir='ltr'>colli-</span> 
     </span>
     <span class='ocr_line' id='line_1_62' title="bbox 997 1639 1676 1688; baseline -0.003 -12"><span class='ocrx_word' id='word_1_353' title='bbox 997 1642 1066 1688; x_wconf 75' lang='lat' dir='ltr'>git,</span> <span class='ocrx_word' id='word_1_354' title='bbox 1081 1640 1234 1676; x_wconf 81' lang='lat' dir='ltr'>fabulam</span> <span class='ocrx_word' id='word_1_355' title='bbox 1251 1639 1295 1675; x_wconf 86' lang='lat' dir='ltr'>de</span> <span class='ocrx_word' id='word_1_356' title='bbox 1314 1639 1504 1684; x_wconf 72' lang='lat' dir='ltr'>Chlor-ide,</span> <span class='ocrx_word' id='word_1_357' title='bbox 1521 1639 1676 1687; x_wconf 75' lang='lat' dir='ltr'>Zephyri</span> 
     </span>
     <span class='ocr_line' id='line_1_63' title="bbox 997 1693 1680 1740; baseline -0.004 -11"><span class='ocrx_word' id='word_1_358' title='bbox 997 1706 1104 1729; x_wconf 80' lang='lat' dir='ltr'>uxore</span> <span class='ocrx_word' id='word_1_359' title='bbox 1116 1719 1126 1737; x_wconf 91' lang='lat'>,</span> <span class='ocrx_word' id='word_1_360' title='bbox 1145 1693 1248 1730; x_wconf 77' lang='lat' dir='ltr'>fuisse</span> <span class='ocrx_word' id='word_1_361' title='bbox 1271 1693 1475 1740; x_wconf 57' lang='grc' dir='ltr'>πύρωσις</span> <span class='ocrx_word' id='word_1_362' title='bbox 1492 1704 1570 1727; x_wconf 85' lang='lat' dir='ltr'>eam</span> <span class='ocrx_word' id='word_1_363' title='bbox 1593 1704 1680 1738; x_wconf 85' lang='lat' dir='ltr'>poe-</span> 
     </span>
     <span class='ocr_line' id='line_1_64' title="bbox 998 1744 1682 1787; baseline -0.004 -6"><span class='ocrx_word' id='word_1_364' title='bbox 998 1753 1049 1782; x_wconf 84' lang='lat' dir='ltr'>tas</span> <span class='ocrx_word' id='word_1_365' title='bbox 1062 1745 1304 1782; x_wconf 77' lang='lat' dir='ltr'>alexandrinos</span> <span class='ocrx_word' id='word_1_366' title='bbox 1315 1744 1358 1780; x_wconf 80' lang='lat' dir='ltr'>ad</span> <span class='ocrx_word' id='word_1_367' title='bbox 1374 1744 1551 1781; x_wconf 79' lang='lat' dir='ltr'>Arsinoen</span> <span class='ocrx_word' id='word_1_368' title='bbox 1563 1770 1574 1787; x_wconf 89' lang='lat'>,</span> <span class='ocrx_word' id='word_1_369' title='bbox 1594 1744 1682 1779; x_wconf 82' lang='lat' dir='ltr'>Pto-</span> 
     </span>
     <span class='ocr_line' id='line_1_65' title="bbox 997 1798 1681 1846; baseline -0.009 -10"><span class='ocrx_word' id='word_1_370' title='bbox 997 1799 1110 1836; x_wconf 70' lang='lat' dir='ltr'>teunoei</span> <span class='ocrx_word' id='word_1_371' title='bbox 1124 1798 1341 1846; x_wconf 77' lang='lat' dir='ltr'>Philadelphi</span> <span class='ocrx_word' id='word_1_372' title='bbox 1353 1810 1497 1833; x_wconf 78' lang='lat' dir='ltr'>uxorem</span> <span class='ocrx_word' id='word_1_373' title='bbox 1508 1823 1517 1841; x_wconf 90' lang='lat'>,</span> <span class='ocrx_word' id='word_1_374' title='bbox 1527 1803 1681 1832; x_wconf 84' lang='lat' dir='ltr'>transtu·</span> 
     </span>
     <span class='ocr_line' id='line_1_66' title="bbox 997 1849 1680 1896; baseline -0.004 -8"><span class='ocrx_word' id='word_1_375' title='bbox 997 1852 1073 1888; x_wconf 89' lang='lat' dir='ltr'>lisse</span> <span class='ocrx_word' id='word_1_376' title='bbox 1085 1878 1095 1896; x_wconf 90' lang='lat'>,</span> <span class='ocrx_word' id='word_1_377' title='bbox 1110 1859 1145 1888; x_wconf 89' lang='lat' dir='ltr'>et</span> <span class='ocrx_word' id='word_1_378' title='bbox 1154 1851 1327 1888; x_wconf 74' lang='lat' dir='ltr'>ovidium</span> <span class='ocrx_word' id='word_1_379' title='bbox 1336 1851 1427 1886; x_wconf 81' lang='lat' dir='ltr'>sorte</span> <span class='ocrx_word' id='word_1_380' title='bbox 1441 1863 1460 1886; x_wconf 90' lang='lat' dir='ltr'>e</span> <span class='ocrx_word' id='word_1_381' title='bbox 1473 1849 1680 1886; x_wconf 74' lang='lat' dir='ltr'>Callimachi</span> 
     </span>
     <span class='ocr_line' id='line_1_67' title="bbox 998 1903 1446 1941; baseline -0.004 -1"><span class='ocrx_word' id='word_1_382' title='bbox 998 1905 1154 1940; x_wconf 82' lang='lat' dir='ltr'>carmine</span> <span class='ocrx_word' id='word_1_383' title='bbox 1174 1908 1267 1941; x_wconf 72' lang='lat' dir='ltr'>Atre«</span> <span class='ocrx_word' id='word_1_384' title='bbox 1284 1903 1446 1939; x_wconf 77' lang='lat' dir='ltr'>hausisse.</span> 
     </span>
    </p>

    <p class='ocr_par' dir='ltr' id='par_1_12' title="bbox 998 1957 1688 2735">
     <span class='ocr_line' id='line_1_68' title="bbox 1055 1957 1679 1992; baseline -0.003 0"><span class='ocrx_word' id='word_1_385' title='bbox 1055 1959 1188 1992; x_wconf 66' lang='lat' dir='ltr'>Chloris</span> <span class='ocrx_word' id='word_1_386' title='bbox 1209 1970 1300 1992; x_wconf 76' lang='lat' dir='ltr'>emen</span> <span class='ocrx_word' id='word_1_387' title='bbox 1329 1963 1396 1992; x_wconf 89' lang='lat' dir='ltr'>etc.</span> <span class='ocrx_word' id='word_1_388' title='bbox 1418 1957 1519 1991; x_wconf 68' lang='lat' dir='ltr'>Nm</span> <span class='ocrx_word' id='word_1_389' title='bbox 1546 1967 1679 1990; x_wconf 86' lang='lat' dir='ltr'>nomen</span> 
     </span>
     <span class='ocr_line' id='line_1_69' title="bbox 999 2008 1682 2057; baseline -0.004 -11"><span class='ocrx_word' id='word_1_390' title='bbox 999 2018 1119 2057; x_wconf 89' lang='lat' dir='ltr'>aperte</span> <span class='ocrx_word' id='word_1_391' title='bbox 1131 2010 1235 2046; x_wconf 77' lang='lat' dir='ltr'>babet</span> <span class='ocrx_word' id='word_1_392' title='bbox 1247 2024 1266 2045; x_wconf 86' lang='lat' dir='ltr'>a</span> <span class='ocrx_word' id='word_1_393' title='bbox 1278 2010 1440 2051; x_wconf 65' lang='lat' dir='ltr'>florib-m</span> <span class='ocrx_word' id='word_1_394' title='bbox 1451 2009 1512 2046; x_wconf 74' lang='lat' dir='ltr'>sed</span> <span class='ocrx_word' id='word_1_395' title='bbox 1532 2008 1682 2044; x_wconf 79' lang='lat' dir='ltr'>Ovidius</span> 
     </span>
     <span class='ocr_line' id='line_1_70' title="bbox 1000 2061 1681 2106; baseline -0.004 -7"><span class='ocrx_word' id='word_1_396' title='bbox 1000 2063 1072 2099; x_wconf 75' lang='lat' dir='ltr'>haec</span> <span class='ocrx_word' id='word_1_397' title='bbox 1089 2063 1211 2106; x_wconf 77' lang='lat' dir='ltr'>tinxit,</span> <span class='ocrx_word' id='word_1_398' title='bbox 1238 2070 1277 2098; x_wconf 85' lang='lat' dir='ltr'>ut</span> <span class='ocrx_word' id='word_1_399' title='bbox 1302 2076 1322 2098; x_wconf 92' lang='lat' dir='ltr'>e</span> <span class='ocrx_word' id='word_1_400' title='bbox 1345 2061 1515 2098; x_wconf 81' lang='lat' dir='ltr'>Chloride</span> <span class='ocrx_word' id='word_1_401' title='bbox 1539 2062 1681 2097; x_wconf 74' lang='lat' dir='ltr'>Floram</span> 
     </span>
     <span class='ocr_line' id='line_1_71' title="bbox 998 2115 1681 2162; baseline -0.003 -13"><span class='ocrx_word' id='word_1_402' title='bbox 998 2115 1111 2151; x_wconf 80' lang='lat' dir='ltr'>facere</span> <span class='ocrx_word' id='word_1_403' title='bbox 1128 2122 1253 2162; x_wconf 79' lang='lat' dir='ltr'>posset.</span> <span class='ocrx_word' id='word_1_404' title='bbox 1264 2133 1310 2141; x_wconf 95' lang='lat'>—</span> <span class='ocrx_word' id='word_1_405' title='bbox 1323 2115 1397 2151; x_wconf 76' lang='lat' dir='ltr'>Pro</span> <span class='ocrx_word' id='word_1_406' title='bbox 1411 2121 1567 2159; x_wconf 71' lang='lat' dir='ltr'>tempu</span> <span class='ocrx_word' id='word_1_407' title='bbox 1576 2140 1585 2153; x_wconf 82' lang='grc'>,</span> <span class='ocrx_word' id='word_1_408' title='bbox 1599 2124 1681 2148; x_wconf 86' lang='lat' dir='ltr'>cnm</span> 
     </span>
     <span class='ocr_line' id='line_1_72' title="bbox 1003 2165 1683 2209; baseline -0.009 -7"><span class='ocrx_word' id='word_1_409' title='bbox 1003 2168 1155 2203; x_wconf 82' lang='lat' dir='ltr'>Horatio</span> <span class='ocrx_word' id='word_1_410' title='bbox 1173 2168 1248 2202; x_wconf 77' lang='lat' dir='ltr'>Art</span> <span class='ocrx_word' id='word_1_411' title='bbox 1266 2167 1366 2203; x_wconf 84' lang='lat' dir='ltr'>Poet.</span> <span class='ocrx_word' id='word_1_412' title='bbox 1380 2165 1423 2200; x_wconf 80' lang='lat'>⁵3</span> <span class='ocrx_word' id='word_1_413' title='bbox 1433 2176 1561 2209; x_wconf 70' lang='lat' dir='ltr'>,pan-c</span> <span class='ocrx_word' id='word_1_414' title='bbox 1574 2165 1683 2198; x_wconf 62' lang='lat' dir='ltr'>deeor—</span> 
     </span>
     <span class='ocr_line' id='line_1_73' title="bbox 1000 2218 1683 2266; baseline -0.009 -11"><span class='ocrx_word' id='word_1_415' title='bbox 1000 2226 1039 2255; x_wconf 78' lang='lat' dir='ltr'>ta</span> <span class='ocrx_word' id='word_1_416' title='bbox 1054 2219 1170 2255; x_wconf 84' lang='lat' dir='ltr'>dicere</span> <span class='ocrx_word' id='word_1_417' title='bbox 1195 2219 1430 2266; x_wconf 64' lang='lat' dir='ltr'>potuisset—</span> <span class='ocrx_word' id='word_1_418' title='bbox 1386 2218 1578 2252; x_wconf 68' lang='lat' dir='ltr'>—Cklon&#39;s</span> <span class='ocrx_word' id='word_1_419' title='bbox 1596 2222 1647 2250; x_wconf 83' lang='lat' dir='ltr'>est</span> <span class='ocrx_word' id='word_1_420' title='bbox 1665 2228 1683 2249; x_wconf 86' lang='lat' dir='ltr'>a</span> 
     </span>
     <span class='ocr_line' id='line_1_74' title="bbox 1001 2266 1686 2322; baseline -0.01 -14"><span class='ocrx_word' id='word_1_421' title='bbox 1001 2284 1114 2318; x_wconf 66' lang='lat' dir='ltr'>greco</span> <span class='ocrx_word' id='word_1_422' title='bbox 1130 2273 1265 2322; x_wconf 57' lang='grc' dir='ltr'><strong>χλωρὴ</strong></span> <span class='ocrx_word' id='word_1_423' title='bbox 1283 2269 1423 2312; x_wconf 73' lang='lat' dir='ltr'>viridis,</span> <span class='ocrx_word' id='word_1_424' title='bbox 1448 2268 1589 2314; x_wconf 67' lang='lat' dir='ltr'>vigens,</span> <span class='ocrx_word' id='word_1_425' title='bbox 1615 2266 1686 2302; x_wconf 78' lang='lat' dir='ltr'>no-</span> 
     </span>
     <span class='ocr_line' id='line_1_75' title="bbox 1001 2319 1685 2367; baseline -0.009 -8"><span class='ocrx_word' id='word_1_426' title='bbox 1001 2337 1101 2367; x_wconf 87' lang='lat' dir='ltr'>rens,</span> <span class='ocrx_word' id='word_1_427' title='bbox 1119 2330 1158 2358; x_wconf 88' lang='lat' dir='ltr'>ut</span> <span class='ocrx_word' id='word_1_428' title='bbox 1173 2322 1264 2357; x_wconf 81' lang='lat' dir='ltr'>adeo</span> <span class='ocrx_word' id='word_1_429' title='bbox 1276 2321 1348 2357; x_wconf 63' lang='lat' dir='ltr'>bne</span> <span class='ocrx_word' id='word_1_430' title='bbox 1359 2320 1432 2356; x_wconf 83' lang='lat' dir='ltr'>duo</span> <span class='ocrx_word' id='word_1_431' title='bbox 1444 2319 1589 2355; x_wconf 83' lang='lat' dir='ltr'>nomina</span> <span class='ocrx_word' id='word_1_432' title='bbox 1602 2332 1685 2354; x_wconf 79' lang='lat' dir='ltr'>sen-</span> 
     </span>
     <span class='ocr_line' id='line_1_76' title="bbox 999 2370 1684 2411; baseline -0.009 0"><span class='ocrx_word' id='word_1_433' title='bbox 999 2389 1040 2411; x_wconf 85' lang='lat' dir='ltr'>su</span> <span class='ocrx_word' id='word_1_434' title='bbox 1065 2388 1138 2410; x_wconf 85' lang='lat' dir='ltr'>non</span> <span class='ocrx_word' id='word_1_435' title='bbox 1157 2374 1309 2410; x_wconf 81' lang='lat' dir='ltr'>multum</span> <span class='ocrx_word' id='word_1_436' title='bbox 1324 2373 1417 2408; x_wconf 88' lang='lat' dir='ltr'>inter</span> <span class='ocrx_word' id='word_1_437' title='bbox 1444 2384 1482 2407; x_wconf 84' lang='lat' dir='ltr'>se</span> <span class='ocrx_word' id='word_1_438' title='bbox 1507 2370 1684 2406; x_wconf 75' lang='lat' dir='ltr'>differant</span> 
     </span>
     <span class='ocr_line' id='line_1_77' title="bbox 999 2423 1684 2471; baseline -0.009 -8"><span class='ocrx_word' id='word_1_439' title='bbox 999 2446 1044 2456; x_wconf 93' lang='lat'>—</span> <span class='ocrx_word' id='word_1_440' title='bbox 1065 2427 1190 2471; x_wconf 61' lang='lat' dir='ltr'>Campe</span> <span class='ocrx_word' id='word_1_441' title='bbox 1199 2424 1347 2470; x_wconf 61' lang='lat' dir='ltr'>silai-1255</span> <span class='ocrx_word' id='word_1_442' title='bbox 1373 2423 1528 2470; x_wconf 73' lang='lat' dir='ltr'>intellige</span> <span class='ocrx_word' id='word_1_443' title='bbox 1553 2423 1684 2458; x_wconf 84' lang='lat' dir='ltr'>insulas</span> 
     </span>
     <span class='ocr_line' id='line_1_78' title="bbox 1000 2473 1688 2523; baseline -0.009 -9"><span class='ocrx_word' id='word_1_444' title='bbox 1000 2478 1216 2522; x_wconf 80' lang='lat' dir='ltr'>fortunatas,</span> <span class='ocrx_word' id='word_1_445' title='bbox 1232 2489 1317 2523; x_wconf 84' lang='lat' dir='ltr'>quas</span> <span class='ocrx_word' id='word_1_446' title='bbox 1335 2483 1515 2523; x_wconf 62' lang='lat' dir='ltr'>praeunte</span> <span class='ocrx_word' id='word_1_447' title='bbox 1530 2473 1688 2510; x_wconf 73' lang='lat' dir='ltr'>Hesiodo</span> 
     </span>
     <span class='ocr_line' id='line_1_79' title="bbox 1002 2523 1685 2583; baseline -0.006 -15"><span class='ocrx_word' id='word_1_448' title='bbox 1002 2523 1685 2583; x_wconf 62' lang='lat' dir='ltr'>E&#39;q.=7osqq,}{oratius,Ep.XV1‚</span> 
     </span>
     <span class='ocr_line' id='line_1_80' title="bbox 1002 2570 1686 2629; baseline -0.008 -9"><span class='ocrx_word' id='word_1_449' title='bbox 1002 2570 1060 2629; x_wconf 61' lang='lat' dir='ltr'>ki,</span> <span class='ocrx_word' id='word_1_450' title='bbox 1072 2582 1248 2627; x_wconf 75' lang='lat' dir='ltr'>describit,</span> <span class='ocrx_word' id='word_1_451' title='bbox 1259 2594 1473 2628; x_wconf 82' lang='lat' dir='ltr'>quamquam</span> <span class='ocrx_word' id='word_1_452' title='bbox 1483 2582 1592 2617; x_wconf 76' lang='lat' dir='ltr'>etiam</span> <span class='ocrx_word' id='word_1_453' title='bbox 1606 2580 1686 2615; x_wconf 75' lang='lat' dir='ltr'>Ho-</span> 
     </span>
     <span class='ocr_line' id='line_1_81' title="bbox 1004 2630 1685 2679; baseline -0.007 -8"><span class='ocrx_word' id='word_1_454' title='bbox 1004 2648 1123 2671; x_wconf 80' lang='lat' dir='ltr'>merus</span> <span class='ocrx_word' id='word_1_455' title='bbox 1136 2660 1147 2679; x_wconf 86' lang='lat'>,</span> <span class='ocrx_word' id='word_1_456' title='bbox 1164 2633 1236 2670; x_wconf 77' lang='lat' dir='ltr'>od.</span> <span class='ocrx_word' id='word_1_457' title='bbox 1251 2641 1298 2677; x_wconf 85' lang='grc' dir='ltr'>Δ,</span> <span class='ocrx_word' id='word_1_458' title='bbox 1312 2635 1395 2678; x_wconf 60' lang='lat' dir='ltr'>sm,</span> <span class='ocrx_word' id='word_1_459' title='bbox 1411 2633 1525 2670; x_wconf 80' lang='lat' dir='ltr'>simile</span> <span class='ocrx_word' id='word_1_460' title='bbox 1540 2631 1624 2679; x_wconf 84' lang='lat' dir='ltr'>quid</span> <span class='ocrx_word' id='word_1_461' title='bbox 1640 2630 1685 2666; x_wconf 82' lang='lat' dir='ltr'>de</span> 
     </span>
     <span class='ocr_line' id='line_1_82' title="bbox 1002 2684 1687 2735; baseline -0.009 -10"><span class='ocrx_word' id='word_1_462' title='bbox 1002 2699 1128 2735; x_wconf 76' lang='lat' dir='ltr'>eampo</span> <span class='ocrx_word' id='word_1_463' title='bbox 1148 2686 1257 2734; x_wconf 75' lang='lat' dir='ltr'>elysio</span> <span class='ocrx_word' id='word_1_464' title='bbox 1275 2685 1316 2721; x_wconf 78' lang='lat' dir='ltr'>ad</span> <span class='ocrx_word' id='word_1_465' title='bbox 1344 2685 1434 2723; x_wconf 73' lang='lat' dir='ltr'>flues</span> <span class='ocrx_word' id='word_1_466' title='bbox 1455 2692 1558 2722; x_wconf 71' lang='lat' dir='ltr'>terr·</span> <span class='ocrx_word' id='word_1_467' title='bbox 1577 2684 1687 2721; x_wconf 70' lang='lat' dir='ltr'>tradi—</span> 
     </span>
    </p>
   </div>
  </div>
 </body>
</html>
