1826 3054
513 218 583 263 IN
617 215 856 262 OVIDII
889 214 1178 274 FASTOS.
1470 212 1557 276 473

147 316 318 365 admitti
339 314 494 382 possit.
520 313 735 361 Praeterea
760 309 951 359 Ovidius
980 307 1094 357 nihil
1118 307 1203 356 tale
1224 306 1387 365 habet,
1416 319 1459 355 et
1477 327 1564 374 po-

148 400 233 446 tuit
255 399 347 446 haec
370 398 564 445 Fortuna
586 394 704 443 nude
721 395 917 443 Fortuna
939 390 1124 440 Publica
1144 390 1303 439 vocari.
1329 389 1415 439 Ad
1434 390 1488 438 F
1481 399 1557 438 ast.

150 481 211 538 l<
246 481 363 547 739,

325 578 399 614 Nec
415 583 449 612 te
465 583 670 622 praeteream
686 575 804 622 populi
822 575 980 610 Fortuna
997 574 1148 620 potentis

408 637 551 674 Publica
565 664 574 681 ,
591 638 647 672 cui
666 637 836 682 templum
852 636 928 671 luce
945 642 1113 680 sequente
1129 635 1249 669 datum
1262 661 1272 679 ,

151 736 228 784 ubi
263 734 525 784 Kalendaria
545 773 558 792 ‚
591 746 686 782 tum
715 734 893 782 Fortun.
919 732 1075 799 public.
1114 732 1217 781 PR.
1243 732 1283 779 in
1313 731 1439 788 colle,
1473 743 1569 782 tum

152 819 330 866 Fortun.
362 818 484 884 pn'm.
518 819 559 865 in
591 817 694 864 colle
724 815 904 878 legunt,
936 814 1182 864 luculenter
1216 833 1268 863 ex
1299 813 1436 863 altero
1470 813 1569 862 loco

153 899 329 966 quidem
346 898 651 966 apparethanc
666 910 819 946 notam
832 898 928 945 PR.
945 896 1173 960 legendam
1191 915 1285 945 esse
1298 896 1570 962 primssenim

153 982 230 1030 sed
257 981 465 1030 Ovidium
488 980 604 1029 idem
625 980 874 1043 designasse
897 979 979 1027 hac
1011 977 1404 1027 circumlocutione
1426 977 1579 1044 populi

143 1064 319 1130 potentis
343 1103 356 1120 ‚
398 1082 497 1111 cum
522 1062 739 1125 Fogginio
762 1062 872 1110 mihi
895 1060 1156 1128 persuadere
1183 1079 1274 1108 non
1298 1078 1506 1126 possum,
1530 1070 1574 1107 et

152 1147 324 1194 credere
340 1145 457 1194 malo
473 1146 684 1194 Ovidium
699 1145 871 1193 easdem
889 1157 1017 1194 notas
1031 1145 1127 1193 PR.
1149 1145 1197 1192 in
1218 1143 1471 1192 kalendario
1492 1162 1573 1190 suo

153 1240 348 1294 repertas
371 1227 529 1291 legisse
554 1228 714 1292 Populi
729 1227 934 1283 Romani,
960 1236 1016 1275 'et
1036 1227 1097 1274 ita
1119 1227 1264 1275 versui
1288 1225 1539 1274 intexuisse.

216 1312 361 1359 Taceo
384 1323 536 1359 caetera
560 1309 682 1367 loca,
708 1308 787 1357 ubi
809 1309 991 1356 Verrius
1016 1308 1147 1357 ovid.
1170 1307 1373 1375 supplet,
1394 1328 1434 1354 v.
1460 1326 1496 1355 c.
1519 1306 1576 1354 ad

155 1393 196 1439 d.
225 1391 284 1439 23
310 1404 354 1441 et
378 1394 439 1453 24
462 1394 596 1440 Mart.
619 1392 676 1440 ad
706 1410 724 1438 1
754 1403 798 1439 et
828 1390 889 1438 23
912 1390 1056 1456 April.
1082 1403 1127 1439 et
1148 1389 1258 1438 alios
1282 1390 1405 1449 dies,
1439 1409 1577 1455 quum

153 1486 198 1521 et
218 1474 330 1522 infra
353 1474 550 1540 quaedam
572 1474 620 1521 in
643 1473 894 1522 subsidium
914 1471 1108 1521 vocanda
1130 1472 1231 1521 sint.

218 1556 372 1615 Alius,
397 1575 528 1623 quem
550 1557 758 1618 Fogginii
777 1555 890 1604 liber
907 1555 1111 1603 laudatus
1134 1565 1336 1621 praestat,
1358 1571 1467 1601 usus
1488 1571 1581 1600 cer-

151 1640 275 1687 nitur
306 1639 354 1686 in
383 1638 599 1687 fastorum
631 1649 853 1695 veterum,
879 1649 931 1685 ut
947 1656 1167 1703 nusquam
1189 1648 1318 1684 antea
1344 1634 1545 1684 exstabat
1561 1671 1575 1692 ‚

155 1721 415 1769 collectione
439 1720 570 1787 plena
592 1732 635 1768 et
658 1720 851 1782 integra,
879 1739 1010 1786 quam
1032 1738 1131 1767 cum
1153 1717 1445 1767 illustratione
1467 1715 1582 1764 ube-‘-

155 1805 270 1852 riore
284 1842 297 1862 ,
322 1804 635 1852 commentario
654 1804 701 1851 in
715 1803 921 1851 Verrium
941 1803 1098 1851 adsuit.
1124 1802 1238 1866 Quae
1259 1799 1421 1850 tabulae
1440 1818 1579 1866 quum

158 1886 401 1933 arctissimo
426 1885 604 1934 vinculo
627 1904 727 1933 cum
746 1884 899 1933 Ovidii
918 1884 1108 1933 carmine
1123 1922 1135 1942 ‚
1161 1883 1283 1950 quod
1305 1884 1351 1930 in
1364 1882 1420 1930 iis
1441 1881 1581 1929 inter-

159 1967 384 2034 pretandis
421 1980 640 2025 versatur,
672 1968 941 2025 cohaereant,
967 1986 1020 2015 eo
1044 1967 1184 2029 magis
1215 1965 1455 2013 dolendum
1488 1975 1581 2022 est,

160 2051 404 2113 fragmenta
422 2069 573 2098 eorum
594 2069 696 2098 casu
714 2049 907 2115 quodam
924 2051 1100 2113 ingrato
1113 2087 1126 2106 ‚
1151 2048 1196 2096 in
1215 2048 1442 2114 prioribus
1460 2066 1583 2096 men·

162 2135 312 2190 sibus,
338 2152 451 2199 quos
477 2132 610 2181 ovid.
635 2132 847 2180 describit
862 2169 874 2189 ‚
897 2151 988 2198 prae
1009 2131 1108 2180 aliis
1130 2149 1281 2179 manca
1305 2148 1420 2187 esse,
1446 2149 1583 2196 quum

161 2216 392 2264 uberiores
429 2233 583 2263 eorum
616 2214 925 2262 adnotationes
959 2213 1007 2261 in
1041 2213 1269 2262 mensibus
1304 2213 1511 2274 Augusto
1542 2222 1586 2259 et

163 2298 423 2365 Septembre
447 2308 645 2353 exstent,
670 2315 693 2344 e
718 2296 882 2362 quibus
907 2295 1117 2362 quasdam
1133 2332 1145 2353 ‚
1168 2293 1418 2361 speciminis
1437 2311 1584 2351 causa,

0 2378 10 2389 “
75 2403 88 2410 *
165 2399 217 2428 ex
239 2381 445 2442 Augusto
468 2397 615 2427 mense
641 2377 852 2444 descripsi
872 2389 917 2425 et
937 2378 984 2424 in
1004 2377 1091 2426 fine
1114 2376 1308 2442 adjunxi.
1340 2376 1494 2439 Quum
1517 2386 1586 2423 ta-

124 2448 137 2467 x

166 2480 268 2508 men
290 2481 382 2509 non
406 2480 505 2509 raro
522 2461 625 2508 etin
640 2460 867 2526 prioribus
880 2458 1095 2507 laudanda
1116 2470 1222 2507 sunt
1240 2458 1333 2506 haec
1346 2458 1588 2520 fragmenta

167 2555 219 2590 ut
241 2555 292 2591 ut
313 2562 473 2608 pauca,
498 2542 719 2609 praecipua
740 2559 890 2589 eorum
913 2541 999 2589 hoc
1019 2540 1118 2588 loco
1142 2539 1397 2602 attingenda
1418 2539 1584 2605 putavi.

242 2631 300 2671 1⁰.
338 2623 518 2673 Kalend.
554 2623 863 2690 AIassoeimum,
891 2623 952 2671 ita
975 2622 1168 2680 dictum,
1204 2622 1326 2688 quod
1347 2621 1587 2670 inaedibus

170 2704 462 2754 Maffaeiorum
485 2705 677 2772 primum
701 2716 849 2772 patere
874 2704 1039 2771 coepit;
1067 2715 1120 2752 ut
1155 2703 1442 2770 perhibetur,
1470 2721 1586 2752 anno
