1826 3054
213 206 242 249 6
696 201 1143 248 PROOEMIUM.

210 299 277 348 ibi
305 309 371 347 est
392 297 437 346 in
459 297 593 347 rebus
613 334 625 352 ‚
661 316 770 363 quas
797 295 978 346 traditas
1008 306 1234 363 acceperat
1250 332 1262 352 ‚
1302 294 1571 362 explicandis
1590 307 1635 344 et

208 378 475 429 exornandis
505 398 516 427 ε
549 378 595 427 in
616 379 851 428 Fastorum
874 388 1021 427 autem
1049 376 1239 427 carmine
1272 375 1411 426 multa
1446 377 1636 431 tenuiter

210 472 391 511 tractata
407 498 420 518 ‚
446 459 584 510 multa
602 459 795 510 breviter
812 459 969 517 relata,
988 458 1129 508 multa
1146 478 1199 509 ex
1221 457 1319 508 aliis
1336 459 1635 526 scriptoribus

207 544 394 611 repetita
413 543 625 593 videmus.
648 545 805 610 Neque
825 542 953 592 aliter
968 561 1048 610 per
1066 561 1214 591 rernm
1235 541 1408 591 illarum
1433 554 1634 591 naturam

204 625 299 675 lieri
315 639 510 694 poterat,
524 646 661 693 quum
675 644 790 693 saepe
808 624 1091 674 Grammatici
1107 637 1256 691 partes
1270 624 1448 689 agendae
1465 637 1632 681 essent,

205 727 316 777 quas
338 709 412 758 ille
435 710 614 759 minime
638 709 880 765 fastidivit;
914 709 1048 757 immo
1074 708 1233 758 diserte
1258 708 1302 756 id
1325 709 1443 772 egit,
1473 720 1524 757 ut
1553 708 1633 757 do·

205 791 347 841 cende
372 804 417 841 et
434 791 697 860 explicando
718 791 951 858 prodesset
969 803 1054 840 tam
1074 790 1320 858 aequalibus
1338 828 1350 847 ‚
1378 810 1510 857 quam
1528 809 1634 858 pos-

202 874 309 924 teris
327 875 558 924 vetustatis
581 874 900 937 cognoscenda
926 874 1112 941 cupidis.
1153 876 1255 923 Non
1279 886 1423 922 tamen
1443 911 1455 931 ,
1495 891 1634 940 quum

201 954 294 1005 haec
316 955 443 1014 dico,
481 974 560 1005 sua
590 954 719 1005 laude
750 956 925 1023 poetica
955 955 1042 1005 boc
1074 975 1247 1005 cannen
1284 955 1484 1004 standai-e
1513 954 1630 1003 volo.

202 1036 343 1102 Quod
363 1049 519 1086 contra
541 1038 602 1086 ita
626 1037 845 1095 decurrit,
874 1050 925 1086 ut
947 1049 1140 1087 mentem
1157 1049 1276 1087 tuam
1295 1037 1481 1094 alliciat,
1501 1036 1634 1086 allec-

203 1130 291 1168 tam
309 1116 502 1167 suaviter
520 1129 679 1167 teneat.
708 1119 760 1166 In
779 1117 1000 1167 illecebris
1014 1155 1026 1177 ‚
1051 1138 1162 1185 quas
1180 1137 1280 1167 eum
1297 1119 1344 1167 in
1367 1137 1497 1168 usum
1512 1119 1633 1168 adbi-

198 1198 328 1256 buit,
366 1199 557 1266 primum
588 1200 814 1267 posuerim
835 1200 1094 1250 interventum
1117 1200 1318 1250 Deorum.
1345 1201 1419 1250 Sic
1443 1201 1487 1249 in
1509 1200 1633 1268 prin-

199 1280 319 1349 cipio
341 1281 490 1330 statim
510 1281 659 1348 operis
676 1281 819 1330 Jtmus
839 1281 994 1340 adest,
1025 1300 1288 1349 omnemque
1310 1281 1631 1350 mythologiam

196 1380 343 1420 suam,
366 1362 625 1430 implicitam
647 1361 766 1412 illam
789 1382 920 1421 sane,
947 1362 1149 1427 longiore
1176 1362 1256 1412 illo
1288 1383 1386 1413 cum
1411 1376 1508 1413 vate
1534 1383 1631 1413 ser-

197 1459 352 1503 mone,
375 1444 587 1512 89-286‚
612 1446 802 1514 expedit.
824 1446 1098 1497 Procedente
1116 1446 1235 1495 libro
1253 1446 1331 1496 illo
1346 1484 1359 1503 ‚
1378 1466 1488 1496 vers.
1511 1438 1628 1514 695·

197 1526 330 1576 Musa
342 1527 579 1577 intervenit
593 1539 727 1595 atque
744 1528 1002 1578 Sementivae
1015 1529 1229 1592 originem
1240 1528 1418 1578 indicat.
1434 1529 1535 1578 Lib.
1546 1531 1628 1585 ΙΙΙ,

203 1626 318 1675 170,
342 1609 467 1658 Mars
489 1609 714 1677 eloquitur
732 1648 744 1668 ‚
780 1629 877 1677 quae
902 1611 992 1659 sint
1026 1610 1294 1659 Matronalia
1315 1630 1326 1667 ;
1358 1630 1469 1660 vers.
1498 1610 1595 1660 260
1615 1649 1628 1670 ‚

198 1690 356 1756 Egeria
376 1691 608 1758 Nympha,
644 1710 723 1740 cur
750 1690 858 1740 salii
885 1691 1045 1741 Martis
1076 1710 1195 1741 arma
1230 1692 1403 1750 serant,
1440 1705 1625 1742 enarrat.

196 1772 295 1820 Lib.
318 1773 379 1820 lv
406 1771 502 1821 init.
533 1771 679 1829 Venus
700 1772 851 1830 adest,
877 1785 1146 1840 poc-tamque
1173 1785 1318 1841 myrto
1350 1786 1515 1823 tactum
1542 1794 1630 1824 nu-

196 1853 312 1903 mine
335 1872 420 1903 suo
438 1853 616 1921 implet;
641 1873 752 1903 vers.
783 1873 864 1922 ¹9¹
882 1891 897 1914 ‚
915 1855 1080 1922 quna
1102 1855 1251 1904 Mater
1266 1874 1399 1905 unam
1417 1875 1468 1905 ex
1488 1857 1628 1906 Mus-Le

192 1935 384 1993 excitat,
421 1954 519 2002 quae
547 1935 749 1986 eumdem
769 1936 1126 1994 instruat;·vers.
1156 1935 1277 2004 723,
1299 1937 1427 1987 Pales
1449 1938 1626 2003 adjuvat

194 2017 348 2067 Palilia
368 2031 623 2078 canentem3
644 2020 699 2078 V,
727 2037 830 2086 191,
848 2019 986 2068 Flom
1003 2019 1099 2087 ipsa
1121 2020 1432 2070 facundissime
1453 2021 1622 2079 omnia,

194 2118 291 2167 quae
308 2093 365 2149 ad
387 2100 526 2168 ipsam
548 2101 856 2168 pertinebant,
878 2102 1043 2160 refert;
1065 2102 1126 2150 vl
1142 2139 1155 2160 ‚
1196 2101 1283 2149 251
1305 2140 1318 2159 ‚
1348 2102 1481 2152 Vesta
1508 2122 1622 2152 non·

191 2181 313 2231 nulla
333 2182 591 2250 suppeditat
618 2182 676 2232 de
704 2182 843 2236 sacris
863 2182 958 2232 suis
976 2203 988 2240 ;
1023 2203 1134 2233 vers.
1156 2182 1252 2231 655
1271 2220 1284 2240 ‚
1318 2183 1510 2233 Minerva
1531 2184 1621 2234 dis-

194 2282 365 2314 cessum
388 2265 620 2315 tibicinum
642 2277 792 2315 narrat
807 2277 852 2315 et
868 2265 1076 2316 reditum.
1100 2266 1191 2316 Sed
1208 2266 1255 2315 in
1273 2266 1429 2333 primis
1452 2285 1622 2316 memo-

194 2345 352 2394 rabilia
372 2358 478 2395 sunt
491 2346 580 2397 duo
598 2366 652 2397 ex
669 2347 756 2397 hoc
774 2344 931 2413 genere
950 2347 1068 2406 loca3
1089 2349 1132 2395 V
1150 2347 1248 2396 init.
1265 2347 1345 2396 ubi
1361 2359 1449 2397 tres
1462 2349 1618 2406 Musa,

197 2438 242 2475 et
261 2428 323 2475 vl
344 2427 440 2476 init.
463 2428 541 2478 ubi
560 2428 707 2487 Jmm,
740 2429 863 2479 Hebe
878 2440 926 2479 et
954 2427 1187 2478 Conconh‘o
1201 2428 1443 2479 sententias
1465 2430 1619 2479 dicunt

196 2506 251 2555 de
268 2508 525 2560 nominibus
542 2510 653 2559 Maii
672 2522 718 2559 et
731 2510 879 2568 Junii;
897 2510 1064 2577 quibus
1081 2509 1190 2561 locis
1206 2510 1460 2578 disquisitio
1477 2529 1620 2574 gram-

196 2589 379 2647 matica,
399 2608 542 2658 eaque
560 2592 798 2643 admodum
818 2592 964 2652 termis
980 2630 994 2654 ‚
1025 2592 1234 2643 dramatis
1257 2594 1500 2643 suavissimi
1524 2593 1619 2642 foi*

196 2688 312 2720 mam
329 2670 485 2722 induit.
504 2674 558 2722 ln
576 2673 760 2742 reliquis
777 2673 866 2726 illis
882 2675 1104 2741 figmentis
1120 2695 1212 2726 non
1231 2675 1420 2727 multum
1440 2677 1617 2744 quidem
