1826 3054
246 253 333 310 46⁸
766 250 1138 297 exconsus

244 348 546 414 Archetypum
565 346 700 411 hujus
716 347 861 413 operis
873 384 884 404 ,
906 346 1112 413 pluribus
1131 358 1247 396 certe
1265 364 1317 395 ex
1335 366 1409 404 eo,
1427 348 1549 414 quod
1570 349 1669 399 inde

242 430 476 497 descripsit
498 428 670 478 Volfius
691 430 744 477 V.
764 430 813 477 C.
837 429 883 476 in
903 430 1143 486 Suetonio,
1171 441 1276 478 tom.
1301 431 1392 486 Ill,
1419 432 1537 487 noti,
1564 452 1669 499 pro-

241 514 325 563 diit
349 516 501 562 Romae
530 530 650 579 ¹779
680 517 708 559 ¹.
737 512 797 560 Hi
822 510 922 561 fasti
948 531 972 560 a
996 513 1151 560 Verrio
1173 512 1354 570 Flacco,
1383 513 1668 562 celeberrimo

240 595 319 645 illo
343 596 628 659 grammatico
647 631 659 652 ,
694 594 819 659 cujus
847 593 1013 642 librum
1040 594 1095 643 de
1117 595 1353 644 verborum
1383 596 1667 659 significatio-

238 679 374 728 nibus
394 680 550 728 Festus
571 678 615 725 in
636 676 949 745 compendium
970 676 1161 740 redegit,
1185 690 1229 726 et
1242 679 1435 741 Augusti
1454 691 1667 746 nepotum

238 762 476 824 magistro,
514 759 745 809 duodecim
781 758 946 808 tabulis
975 761 1253 819 marmoreis,
1288 780 1473 827 quarum
1495 762 1669 826 singula

237 863 374 893 unum
398 861 591 891 mensem
617 842 1045 910 comprehendebat,
1074 843 1201 891 incisi
1232 855 1277 892 et
1303 843 1347 891 in
1372 845 1470 892 soro
1496 845 1668 893 Praene-

237 926 355 974 stino
379 924 495 990 (ubi
514 943 633 973 nunc
652 923 930 990 Palestrina)
957 925 1003 973 in
1028 938 1268 991 conspectu
1290 926 1448 974 domus
1464 926 1668 975 Caesareae

237 1010 284 1057 in
304 1007 548 1074 hemicyclo
567 1007 782 1075 expositi,
805 1008 893 1073 jam
912 1027 937 1056 a
951 1008 1176 1057 veteribus
1190 1009 1449 1057 excitantur.
1471 1009 1593 1058 Suet.
1617 1010 1668 1058 de

235 1090 396 1139 illustr.
423 1102 652 1154 grammat.
680 1108 776 1156 cap.
812 1107 892 1155 173
918 1091 1121 1139 Macrob.
1148 1092 1191 1148 l,
1225 1109 1303 1149 10,
1327 1110 1428 1158 pag.
1462 1090 1550 1158 196
1575 1111 1585 1139 :
1611 1092 1664 1140 cf.

237 1173 443 1222 Verrium
468 1172 524 1220 ad
547 1172 589 1220 d.
617 1189 673 1219 21
695 1173 802 1222 Dec.
830 1173 1033 1221 Macrob.
1061 1175 1103 1230 I,
1128 1186 1220 1230 ΧΠ,
1247 1192 1347 1240 pag.
1374 1191 1492 1240 2o9;
1516 1175 1669 1222 confer

235 1256 439 1305 verrium
462 1255 517 1305 ad
538 1255 580 1304 d.
613 1272 630 1302 ι
660 1256 772 1322 Apr.
797 1255 879 1304 ubi
903 1257 1043 1305 Macr.
1074 1256 1207 1305 verba
1229 1257 1373 1304 Verrii
1400 1257 1549 1306 minus
1579 1277 1667 1324 pu-

236 1340 331 1387 dica
355 1339 441 1388 sibi
464 1339 554 1388 visa
577 1340 754 1397 reticet;
779 1351 821 1387 et
847 1340 978 1388 Ovid.
1007 1340 1054 1387 in
1076 1340 1193 1389 Fast.
1218 1341 1311 1398 Vl,
1336 1339 1424 1389 62:

416 1454 551 1500 Inspice
571 1466 658 1500 quos
674 1453 799 1490 habeat
817 1455 1005 1490 nemoralis
1026 1455 1142 1490 Aricia
1163 1455 1289 1497 fastos,

482 1514 528 1550 Et
548 1515 698 1561 populus
716 1514 896 1559 Laurens,
915 1516 1184 1561 Lanuviumque
1202 1528 1345 1557 meum;

416 1572 480 1610 Est
496 1575 565 1610 illic
582 1575 712 1610 mensis
728 1573 910 1630 Junoqius
929 1589 937 1611 ε
957 1576 1086 1621 inspice
1106 1577 1220 1611 Tibur

479 1633 527 1669 Et
545 1635 756 1670 Proencstiaeoe
772 1638 895 1670 menia
907 1648 1009 1672 sacra
1023 1637 1107 1671 Dea»
1117 1663 1126 1677 ,

235 1728 290 1776 ad
314 1746 445 1794 quem
468 1725 626 1795 locumv
642 1726 813 1791 egregie
836 1727 1047 1796 Neapolis
1067 1765 1080 1786 ,
1113 1747 1161 1777 se
1183 1747 1337 1778 eorum
1362 1730 1565 1796 opinioni
1589 1732 1664 1797 qui

235 1811 359 1860 fastis
384 1808 650 1877 Capitolinis
684 1809 884 1870 inventis,
905 1810 1107 1859 Suetonii
1139 1810 1285 1859 locum
1321 1830 1373 1860 eo
1407 1813 1664 1869 trahebant,

236 1910 432 1958 unquam
465 1889 682 1955 calculum
718 1890 973 1959 additu-rum
1003 1903 1148 1954 negat.
1184 1894 1393 1956 Quatuor
1423 1895 1664 1951 mensium,

234 1972 464 2029 Januarii,
498 1972 681 2031 Martii,
715 1971 881 2039 Aprilis
912 1985 954 2021 et
986 1974 1243 2022 Decembris
1272 1974 1512 2039 fragmenta
1547 1996 1666 2025 nuuc

233 2067 378 2111 eruta,
404 2066 448 2103 et
472 2053 636 2123 quippe
661 2066 876 2103 vetustate
903 2067 946 2103 et
970 2055 1096 2104 ruina
1119 2056 1306 2105 maxime
1324 2057 1483 2107 adrosa
1503 2070 1547 2107 et
1566 2079 1665 2125 per-

234 2137 395 2193 fracta,
422 2136 498 2184 sed
521 2136 728 2200 Fogginii
750 2155 906 2203 opera,
934 2137 1079 2203 quoad
1104 2137 1197 2186 sieri
1219 2150 1414 2204 poterat,
1442 2140 1661 2198 ordinata,

234 2217 464 2285 suppleta,
489 2229 531 2265 et
556 2216 703 2286 amplo
725 2219 1040 2268 commentario
1066 2218 1302 2277 illustrata,
1330 2221 1390 2269 ob
1414 2223 1660 2285 egregium,

234 2302 311 2368 qui
333 2302 387 2350 iis
410 2301 455 2348 in
477 2301 643 2350 ovidio
667 2300 929 2368 explicando
952 2321 1059 2351 usus
1082 2314 1166 2359 est,
1192 2322 1245 2351 eo
1268 2304 1407 2369 majus
1431 2305 1577 2370 operis
1597 2307 1661 2353 in—

236 2383 344 2447 tegri
367 2383 631 2433 desiderium
655 2384 870 2449 injiciunt.
896 2385 1029 2447 Agite
1055 2385 1204 2448 igitur,
1230 2385 1426 2452 quadam
1448 2385 1542 2434 loca
1564 2408 1662 2454 per·

277 2490 300 2516 Γ
314 2496 497 2531 Pastorum
518 2497 602 2531 anni
623 2497 760 2531 romani
782 2510 800 2531 a
821 2497 915 2531 Ver·-
979 2505 1071 2533 stant
1086 2524 1096 2539 ,
1120 2510 1158 2533 ac
1179 2497 1257 2533 fasti
1286 2499 1422 2533 romani
1441 2499 1660 2543 singulorum

229 2547 283 2581 rio
296 2546 419 2583 Flacco
436 2548 681 2583 ordinatorum
701 2548 855 2594 reliquie
874 2562 913 2583 ex
980 2551 1155 2584 mensium
1181 2563 1220 2584 ex
1240 2550 1405 2585 hactenus
1426 2553 1571 2596 repertis
1592 2553 1660 2587 lta-

229 2611 511 2635 marmorcarum
527 2600 723 2635 tabularum
738 2600 913 2645 fragmen·
980 2600 1144 2636 lendan-iis
1160 2602 1364 2636 marmoreis
1379 2602 1472 2637 inter
1485 2617 1519 2638 te
1530 2604 1658 2638 collatis

229 2654 272 2688 tis
288 2653 464 2688 Praeueste
483 2667 597 2699 nuper
612 2654 748 2689 erfonis
759 2654 913 2690 mlle-rto
978 2656 1150 2700 expres-si,
1173 2668 1256 2691 cun
1284 2663 1319 2690 et
1346 2656 1463 2691 studio
1488 2658 1526 2693 Ρ.
1551 2658 1590 2693 F.
1619 2660 1656 2694 1³.

228 2711 263 2739 ct
276 2704 460 2739 illustr-aue.
477 2705 659 2740 Accedunt
673 2706 788 2740 Verrii
800 2707 910 2741 Flacci
979 2708 1163 2753 (Pogginii
1180 2709 1192 2749 )
1211 2708 1332 2742 nomae
1349 2722 1442 2743 anno
1461 2723 1551 2759 ¹779·
1570 2712 1653 2747 llaec

227 2758 391 2803 Operum
403 2758 602 2803 fragmenta
615 2759 733 2793 omnia
746 2786 754 2801 ,
771 2771 847 2804 qua
856 2772 909 2794 ex·
975 2761 1094 2794 omnia
1110 2759 1300 2806 diligenter
1314 2762 1505 2808 perpende.
