1826 3054
583 149 968 195 FASTORUM
1004 150 1131 194 LIB.
1164 151 1256 195 IV.

1553 150 1638 195 263

295 245 359 292 Et
378 242 544 292 dederit
563 241 735 291 Phoebo
757 241 886 291 stella
900 241 1051 305 fugata
1069 240 1218 291 locum
1231 279 1244 300 ‚
1578 260 1644 304 39«.

235 321 389 370 Circus
412 320 503 369 erit·
515 338 680 387 pompa
700 318 873 369 celeber
885 357 898 378 ‚
917 338 1193 387 numeroque
1212 321 1437 378 Deorum3

233 443 313 466 cum
327 432 375 466 ita
390 435 537 475 tractat,
562 436 602 464 ut
625 429 780 475 primum
804 429 905 465 ludos

232 484 321 530 ipsos
334 483 506 531 391—3933
525 490 602 518 tum
620 481 763 518 Cereris
779 483 905 518 merita

232 543 267 571 et
274 535 420 579 cultum,
431 535 580 583 394-4i6
590 550 599 577 ;
610 535 755 570 tandem
764 543 903 581 raptum

231 589 450 634 Proserpinae
460 590 498 632 4ι
506 602 522 634 7
531 601 640 634 usque
653 588 695 623 ad
705 587 816 623 finem
827 602 904 623 nar-

230 647 294 675 ret.
307 639 432 684 Quum
447 640 531 674 olim
542 653 630 675 vers.
642 641 708 688 393
722 640 905 676 ederetur:

228 694 322 728 Hinc
332 694 468 730 Cemis.
478 693 619 738 quidam
630 720 639 737 ,
649 694 755 728 etiam
764 693 904 728 Taubn.

227 746 264 780 in
276 746 367 781 notis
377 745 419 780 ad
431 745 581 781 Kalend.
591 753 703 791 vetus,
716 754 884 793 putarunt
892 773 902 790 ,

231 800 402 834 Circam
424 799 488 835 hos
510 799 611 835 ludos
627 799 730 836 fuisse
751 799 905 836 diversos

231 863 251 886 a
278 852 490 894 Cerealibus,·
518 851 593 886 illos
618 852 729 887 editos
748 866 821 888 esse
841 866 905 899 per

228 903 377 938 biduum
386 929 396 947 ,
409 903 491 938 hinc
505 911 641 939 secutos
653 918 725 939 esse
742 903 905 940 Cereales

229 967 293 1000 per
314 962 392 990 octo
418 956 500 991 dies.
522 958 660 991 Verum
682 957 729 991 ita
753 957 904 993 Ovidius

230 1007 504 1044 non'indicasset
519 1036 528 1052 ,
551 1009 588 1044 in
611 1010 710 1054 cujus
732 1009 905 1045 honorem

232 1056 415 1094 Circenses
429 1061 500 1095 sint
513 1060 664 1095 exhibiti.
680 1061 818 1096 Deinde
828 1088 837 1104 ,
850 1075 907 1096 sa-

230 1110 272 1144 tis
283 1118 435 1154 constat,
455 1111 618 1147 Cereales
636 1112 739 1148 fuisse
757 1112 907 1148 Circen-

230 1174 300 1202 ses;
314 1163 473 1207 Tacitus,
487 1164 614 1200 Anual.
626 1165 710 1208 XV,
725 1166 782 1200 53:
795 1181 812 1195 α
826 1165 907 1200 Cir-

233 1228 250 1243 »
268 1214 423 1248 censium
436 1214 600 1250 ludorum
612 1216 668 1251 die
679 1243 690 1260 ,
708 1218 767 1262 qui
779 1216 904 1252 Cereri

233 1278 251 1293 ν
267 1264 482 1307 celebratum
497 1281 513 1295 υ
530 1266 643 1309 idem,
661 1280 733 1312 cap.
752 1270 791 1313 74
806 1294 815 1310 ,
834 1268 905 1303 de-

231 1324 366 1352 cretum
374 1344 384 1362 ,
395 1325 434 1352 ut
442 1333 460 1349 α
471 1318 691 1354 Circensium
702 1319 903 1355 Cerealium

231 1384 249 1400 »
266 1369 439 1405 ludicrum
457 1371 612 1417 pluribus
629 1385 803 1418 equorum
820 1386 905 1408 cur-

230 1435 248 1452 »
263 1422 356 1457 sibus
366 1422 610 1458 celebraretur.
627 1438 644 1453 ιο
661 1423 733 1459 Dio
745 1451 755 1468 ,
771 1424 829 1459 lib.
846 1426 902 1470 47,

228 1472 323 1508 inter
345 1473 502 1519 prodigia
527 1474 658 1519 refert,
676 1475 770 1521 quod
788 1476 904 1512 aediles

230 1523 378 1569 Cereri,
397 1525 475 1560 loco
492 1525 712 1562 Circensium
735 1535 770 1562 et
794 1541 905 1573 eque-

228 1576 365 1620 strium,
373 1577 591 1623 gladiatorios
601 1579 829 1615 exhibuerint.
840 1580 904 1615 Er·

229 1640 273 1673 go
294 1636 330 1663 et
352 1643 447 1665 nunc
472 1630 655 1667 Circenses
679 1639 716 1667 et
741 1632 903 1669 Cereales

228 1679 335 1715 iidem
362 1682 587 1730 intelligendi.
615 1684 693 1719 Hac
721 1698 759 1720 re
786 1693 903 1721 motus

230 1732 398 1770 Heinsius
422 1737 502 1770 binc
515 1763 524 1776 ,
553 1749 664 1782 quum
690 1737 841 1773 Ursinus
867 1745 903 1774 et

231 1790 301 1819 tres
316 1785 373 1819 alii
386 1788 443 1821 bic
455 1787 658 1834 preferant,
677 1789 716 1824 in
735 1793 904 1826 himuta-

230 1837 290 1870 vit.
307 1837 413 1872 Forte
430 1839 506 1873 sine
523 1852 646 1882 causa3
670 1854 755 1877 nam
769 1850 806 1878 et
825 1845 904 1879 binc

231 1889 416 1925 commode
438 1897 551 1936 potest
573 1890 753 1939 explicari,
774 1895 818 1930 ab
836 1896 902 1932 boc

231 1939 287 1976 die
298 1967 308 1983 ,
325 1954 395 1987 quo
412 1944 522 1978 cjrcus
538 1944 675 1979 celeber
690 1958 836 1992 pompa,
852 1948 903 1983 in-

230 1994 364 2039 cipiunt
381 1994 452 2029 ludi
471 1994 621 2031 Cereris.
640 1996 722 2032 Scio
736 1999 879 2043 quidem
890 2028 900 2045 ,

231 2045 268 2079 in
295 2045 511 2081 Kalendario
536 2047 689 2093 quodam
713 2057 831 2086 vetere
858 2052 903 2087 ad

230 2098 324 2133 diem
334 2100 423 2145 prid.
438 2099 489 2135 ld.
498 2107 636 2137 notatos
651 2115 723 2137 esse
731 2106 830 2138 ludos
843 2106 905 2139 Ce-

229 2154 313 2184 teris
322 2177 331 2191 ,
354 2158 390 2186 et
404 2151 512 2187 hiduo
528 2159 609 2188 ante
623 2156 722 2188 ludos
733 2158 770 2189 in
783 2157 882 2191 Circo
891 2184 901 2198 ,

229 2203 289 2238 sed
309 2205 373 2240 alia
390 2206 603 2241 Kalendaria
622 2215 779 2243 nostram
796 2215 904 2245 tuen-

228 2259 287 2290 tur
294 2258 514 2293 sententiam.
521 2258 705 2304 Quaeritur
711 2272 829 2305 porro,
838 2275 904 2307 quo

229 2310 284 2344 die
302 2309 439 2344 initium
457 2310 586 2346 horum
605 2311 767 2346 ludorum
785 2312 901 2348 suerit.

233 2359 393 2406 Plerique
409 2361 608 2408 intelligunt
625 2363 714 2408 prid.
730 2363 812 2399 Idus
828 2364 899 2400 sive

235 2424 272 2446 η
290 2412 398 2458 April.
413 2413 493 2459 quia
507 2414 555 2450 sic
570 2414 782 2449 Kalendaria
799 2428 900 2450 non-

230 2462 324 2497 nulla
337 2489 347 2507 ,
363 2471 399 2499 et
414 2466 494 2510 quia
509 2478 612 2500 versu
625 2467 687 2512 377
703 2470 835 2501 tertiam
844 2470 900 2502 lu-

228 2529 300 2550 cem
309 2529 382 2551 non
391 2524 484 2553 recte
494 2526 673 2565 ceperunt.
687 2519 777 2554 Eam
791 2521 901 2555 ratio-

228 2579 313 2602 nem
330 2567 462 2613 Lipsius
474 2569 516 2604 ad
528 2568 639 2606 Tacit.
652 2571 743 2606 Hist,
757 2571 812 2614 11,
830 2574 872 2606 55
886 2597 896 2614 ,

229 2632 271 2654 eo
287 2620 394 2654 eu’am
405 2619 559 2665 adjuvari
577 2629 696 2668 putat,
714 2621 808 2669 quod
824 2622 870 2658 ibi
881 2649 892 2667 ‚

230 2672 373 2707 Othone
383 2671 731 2718 interfecto,cmales
739 2677 892 2711 ludinon

967 430 1155 476 interrupti
1165 457 1176 474 ‚
1190 433 1256 465 sed
1261 444 1305 465 ex
1317 444 1407 466 more
1416 426 1565 476 specla'ti
1574 444 1645 466 esse

967 490 1179 524 narrantur-3
1196 490 1348 518 mortem
1365 490 1483 517 autem
1492 481 1645 518 Othonis

968 534 1126 570 incidisse
1143 535 1179 569 in
1198 536 1268 571 XII
1284 534 1435 570 Kalend.
1450 534 1558 576 Maii,
1574 535 1645 569 sive

969 587 1063 621 diem
1081 601 1122 621 ao
1137 587 1246 633 April.
1263 586 1304 622 ad
1319 600 1424 632 quem
1441 586 1644 621 duraverint

967 640 1024 675 illa
1042 641 1183 675 ludicra.
1199 642 1382 676 Broterius
1394 653 1479 675 vero
1492 667 1502 684 ,
1519 653 1646 686 appro-

967 692 1073 739 bante
1093 693 1257 728 Ernestio
1272 719 1282 735 ,
1309 692 1352 727 ad
1378 692 1491 728 Taciti
1518 692 1645 728 Annal.

968 744 1054 788 XV,
1073 745 1115 779 53
1129 772 1139 788 ,
1156 758 1174 780 e
1192 744 1413 780 Kalendariis
1435 742 1561 779 doee‘re
1584 757 1645 779 co-

968 804 1071 831 natus
1085 804 1158 840 est,
1175 797 1315 831 initium
1327 797 1468 832 illorum
1480 796 1648 831 ludorum

968 849 1071 885 fuisse
1092 850 1183 885 XIII
1199 849 1352 885 Kalend.
1373 849 1485 893 Maii,
1509 862 1571 884 seu
1590 848 1645 884 die

972 915 1013 950 ¹9
1023 902 1159 948 Aprilis.
1168 901 1261 947 Quae
1271 901 1360 936 ratio
1368 901 1494 936 diserte
1508 902 1549 935 ab
1561 900 1647 944 Oyi-

969 954 1028 988 dio
1040 955 1114 1000 ipso
1123 953 1303 990 refellitur.
1317 955 1459 990 Etenim
1470 967 1557 989 vers.
1567 954 1626 988 62·
1638 981 1643 994 ,

970 1007 1114 1041 demum
1135 1007 1178 1041 ad
1198 1008 1300 1047 Idus,
1319 1013 1354 1041 et
1373 1006 1440 1054 629
1452 1032 1462 1050 ,
1483 1006 1527 1041 ad
1542 1009 1648 1041 lucem

968 1062 1102 1106 tertiam
1110 1066 1193 1103 post
1211 1060 1248 1092 V
1240 1061 1348 1094 eneris
1361 1059 1444 1092 Idus
1459 1057 1644 1104 progredi-

970 1119 1037 1147 tur.
1065 1113 1139 1147 Nos
1161 1125 1243 1147 cum
1267 1111 1434 1146 Massono
1448 1124 1536 1146 vers.
1559 1113 1619 1157 377
1637 1138 1647 1151 ,

968 1169 1098 1199 tertiam
1114 1167 1222 1199 lucem
1238 1164 1382 1198 tertium
1400 1163 1495 1197 diem
1516 1163 1648 1209 Mega-

967 1215 1116 1249 lensium
1129 1241 1139 1258 ,
1160 1215 1230 1249 sive
1248 1213 1341 1249 diem
1358 1215 1380 1249 fi
1405 1214 1532 1260 Aprilis
1553 1223 1645 1250 recte

967 1266 1173 1301 intellexisse
1208 1266 1309 1301 nobis
1342 1266 1515 1301 videmur.
1551 1267 1646 1313 Ergo

960 1321 1118 1361 proxima
1147 1317 1219 1352 haec
1246 1319 1320 1352 Eos
1338 1317 1432 1352 diem
1454 1332 1470 1363 7
1497 1319 1646 1365 Aprilis,

967 1371 1040 1406 vll
1057 1366 1139 1406 Idus
1153 1370 1293 1406 indicat.
1306 1371 1421 1416 Atque
1439 1371 1519 1406 huic
1530 1373 1645 1408 eidem

967 1421 1036 1456 diei
1059 1422 1212 1458 Kalend.
1236 1435 1348 1457 unum
1365 1422 1465 1457 iudos
1482 1422 1645 1460 Cereales

967 1475 1126 1521 assignat.

1010 1530 1179 1571 Inspicm
1193 1527 1299 1562 ctiam
1311 1539 1353 1562 ex
1363 1527 1433 1563 alto
1445 1526 1622 1575 despicere
1637 1546 1645 1573 ;

969 1578 1109 1613 AEneid.
1125 1579 1161 1614 Π
1176 1605 1186 1621 ,
1204 1580 1243 1624 47
1262 1591 1271 1612 :
1287 1579 1446 1613 machina
1458 1583 1648 1623 inspectum

967 1634 1093 1671 domos,
1114 1630 1158 1665 de
1171 1644 1263 1676 equo
1274 1632 1646 1678 Troiana—Pompam

970 1685 1157 1719 Cittensem
1166 1683 1352 1730 diligenter
1362 1683 1541 1731 descripsit
1554 1685 1648 1720 Dio-

967 1737 1085 1784 nysius
1095 1737 1280 1772 *Halicarm
1292 1737 1367 1772 Vll
1375 1764 1385 1781 ,
1405 1750 1456 1782 7²·
1472 1738 1562 1773 Eam
1575 1739 1647 1774 du·

966 1790 1091 1824 cebant
1114 1790 1178 1824 viri
1200 1790 1331 1824 summi
1352 1802 1372 1824 a
1393 1789 1567 1836 Capitolio
1581 1805 1645 1837 per

965 1841 1083 1877 sorum
1102 1843 1139 1877 in
1162 1843 1304 1878 circum.
1325 1842 1436 1878 Primi
1457 1851 1558 1880 erant
1576 1858 1644 1881 eo-

966 1909 1048 1931 rum
1073 1896 1135 1931 filii
1159 1895 1405 1931 adolescentuli
1431 1897 1529 1942 equis
1551 1898 1644 1933 insi-

967 1948 1099 1983 dentes.
1115 1949 1192 1983 Hos
1206 1949 1443 1994 sequebantur
1457 1943 1645 1996 quadriga*-

966 2002 1032 2045 rii,
1054 2001 1199 2047 bigarii,
1223 2014 1396 2048 equorum
1412 2002 1643 2049 singularium

967 2054 1168 2097 agitatores,
1181 2053 1335 2097 athletae‚
1346 2053 1550 2090 saltatorum
1562 2056 1646 2091 cho-

967 2105 996 2138 ri
1007 2131 1016 2148 ,
1034 2105 1209 2149 tibicines,
1224 2105 1410 2141 citharistae
1420 2132 1430 2149 ,
1449 2107 1516 2142 alii.
1532 2108 1644 2143 Pom-

968 2168 1050 2201 pam
1064 2157 1234 2202 cogebant
1247 2157 1481 2202 plurimorum
1498 2160 1644 2195 Deorum

966 2208 1148 2243 simulacra
1159 2234 1171 2252 ,
1191 2220 1268 2254 quae
1284 2208 1471 2245 hominum
1487 2211 1644 2248 humeris

966 2259 1208 2305 portabam-3
1214 2260 1296 2296 inde
1305 2274 1388 2296 sane
1395 2265 1572 2307 celebraqs
1581 2264 1644 2299 cir-

966 2313 1007 2348 ci.
1023 2311 1079 2346 De
1094 2311 1285 2348 simulacris
1303 2313 1464 2348 Deorum
1484 2315 1521 2349 in
1542 2329 1643 2362 pom-

965 2379 1026 2412 pa,
1041 2365 1385 2411 locusiucundusest
1402 2366 1458 2402 111
1474 2367 1597 2404 Amor.
1610 2384 1640 2405 2.

967 2417 1039 2451 Pro
1050 2419 1178 2451 celeber
1184 2428 1312 2452 novem
1323 2416 1422 2453 MSS
1434 2425 1471 2453 et
1480 2418 1535 2455 ed.
1549 2432 1639 2466 quae-

965 2467 1047 2503 dam
1058 2470 1205 2510 celebris,
1223 2468 1316 2514 quod
1328 2476 1364 2505 et
1377 2469 1491 2516 ipsum
1501 2479 1638 2508 rectum

964 2534 1037 2556 esse
1064 2521 1292 2556 Burmannus
1315 2529 1448 2558 monet.
1467 2542 1513 2549 —
1536 2525 1638 2572 Regii

965 2578 1034 2606 tres
1050 2571 1159 2607 nostri
1176 2572 1310 2608 codices
1330 2572 1461 2609 habent
1481 2578 1627 2616 celeber,

961 2636 1039 2669 quae
1064 2623 1177 2659 forma
1201 2625 1305 2670 primi
1325 2638 1421 2661 casus
1445 2634 1496 2661 est
1521 2628 1634 2662 usitaoe

961 2676 1039 2711 tior.
1063 2677 1128 2711 Ed.
1154 2694 1196 2703 -·
1229 2679 1370 2713 Ventosi
1388 2678 1550 2714 audacter
1575 2679 1634 2714 di—
