1826 3054
546 267 955 312 FASTORUM
992 269 1122 312 LIB.
1168 271 1205 312 1.
1524 274 1611 338 83v

238 362 327 410 Pax
348 361 474 419 ades,
500 373 541 409 et
565 373 663 410 toto
682 361 802 410 mitis
825 362 871 409 in
897 362 1004 411 orbe
1026 382 1166 411 mane.

174 440 291 486 Dum
314 439 471 487 desunt
492 438 642 487 hostes
657 477 667 494 ,
696 439 810 487 desit
833 458 1011 505 quoque
1036 459 1165 488 causa
1187 441 1422 508 triumphi:

236 517 306 563 Tu
329 515 516 563 ducibus
539 515 657 564 bello
682 515 822 578 gloria
846 517 985 582 major
1006 517 1103 564 eris.

174 593 275 641 Sola
299 606 420 656 gerat
442 593 590 650 miles,
617 593 781 660 quibus
799 613 916 642 arma
938 606 1158 651 coerceat,
1182 614 1298 644 arma
1316 616 1326 654 ;

1523 613 1586 658 7¹5

239 671 537 738 Canteturque
560 671 649 719 fera
671 670 762 728 nil,
788 671 875 719 nisi
898 691 1061 738 pompa
1076 710 1088 728 ,
1112 672 1231 720 tuba.

175 749 361 797 Horreat
383 748 599 796 AEneadas
622 760 666 796 et
689 749 857 814 primus
881 760 924 796 et
947 748 1130 797 ultimus
1155 750 1277 797 orbis
1298 770 1308 798 ε

238 826 284 873 Si
307 846 391 892 qua
413 845 566 892 pamm
590 826 775 874 Romam
801 838 913 873 terra
939 825 1137 883 timebit,
1164 838 1291 874 amet,

171 903 315 959 Tura,
340 903 610 959 sacerdotes,
634 901 861 968 pacalibus
884 902 1030 951 addite
1053 903 1263 962 ssammis;

235 978 437 1046 Albaque
460 998 663 1046 percussa
684 979 859 1028 victima
884 979 1030 1028 fronte
1052 981 1189 1028 cadat.
1396 987 1434 1008 ³

1522 1010 1588 1044 720

172 1059 322 1125 thue
344 1059 503 1106 domus
517 1095 530 1114 ,
555 1077 650 1124 quae
672 1070 850 1124 praestat
872 1077 963 1105 eam
979 1095 992 1115 ,
1016 1077 1115 1105 cum
1139 1059 1251 1107 Pace
1275 1073 1504 1125 perennet,

237 1136 310 1183 Ad
330 1136 411 1201 piae
425 1152 672 1201 propensos
696 1147 798 1182 vota
818 1146 969 1197 rogate
990 1136 1125 1183 Deos.

175 1212 261 1260 Sed
282 1213 368 1277 jam
394 1213 534 1278 prima
556 1211 641 1258 mei
662 1230 764 1278 pars
786 1223 854 1259 est
876 1225 1025 1261 exacta
1047 1212 1238 1272 laboris,

240 1290 439 1355 Cumque
464 1307 544 1336 suo
566 1287 696 1335 finem
720 1306 868 1336 mense
891 1287 1071 1336 libellus
1097 1288 1246 1338 habet.

175 1405 226 1440 bis
239 1407 352 1448 Ipsum
368 1417 431 1439 nos
451 1417 586 1439 cannen
601 1411 665 1440 etc.
686 1417 848 1439 commo—

173 1458 238 1493 dus
253 1465 289 1493 et
306 1465 422 1503 gratus
441 1458 615 1493 transitus.
632 1476 677 1487 -ι
696 1458 846 1493 Victoria

173 1512 320 1546 Actiaca
335 1523 444 1556 quum
462 1510 605 1545 tandem
620 1510 695 1545 orbi
711 1511 847 1545 Roma-

171 1575 218 1597 no
227 1589 237 1605 ,
247 1562 344 1597 bellis
351 1562 524 1597 continuis
535 1576 598 1608 per
612 1562 710 1608 plura
723 1563 846 1598 saecula

171 1613 352 1660 profligato
364 1641 373 1657 ‚
386 1627 507 1659 pacem
518 1614 741 1658 reddidisset,
755 1626 846 1660 prae—

168 1668 258 1702 clare
266 1680 360 1703 nnnc
370 1668 440 1702 Pax
441 1668 622 1712 frondibus
632 1668 685 1702 vel
695 1668 779 1704 oleae
791 1668 845 1703 vel

168 1719 254 1754 lauri
271 1722 375 1763 (nam
391 1727 537 1765 utraque
555 1719 704 1766 pacalis)
719 1721 844 1765 quibus

167 1780 244 1819 post
268 1773 362 1807 illam
387 1773 568 1808 victoriam
593 1780 714 1807 ornata
741 1781 815 1808 erat
832 1800 842 1816 ,

168 1826 283 1860 adesse
294 1826 446 1870 iubetur.
461 1826 628 1862 Heinsius
642 1838 725 1860 vero
740 1826 846 1861 intel-

166 1877 240 1923 ligii
247 1877 409 1911 frondem
419 1877 729 1923 laureamApollini
740 1879 845 1912 Actio

167 1941 311 1962 sacram.
331 1929 388 1963 Sic
410 1936 447 1963 et
470 1929 628 1963 Lenzius.
651 1929 844 1964 Bochartus

170 1981 318 2016 malebat
333 2007 342 2024 ,
365 1981 547 2025 frondibus
554 1982 684 2016 Acteis
695 2010 702 2022 ,
718 1982 752 2016 id
768 1989 819 2017 est
830 2008 841 2026 ,

169 2032 254 2067 olea.
265 2050 311 2059 --
323 2033 455 2066 Comtos
465 2033 536 2076 jam
549 2031 716 2068 Ciosanus
727 2047 767 2068 ex
778 2047 844 2079 op-

169 2084 262 2119 timis
278 2083 355 2119 cod.
378 2083 517 2118 invexit.
538 2084 764 2120 Burmannus
779 2098 844 2120 no-

169 2142 219 2169 tat
228 2161 238 2177 ,
253 2148 358 2170 canos
368 2162 377 2175 ,
393 2134 487 2180 quod
497 2134 620 2180 reliqui
632 2136 821 2180 preferunt
832 2163 842 2180 ,

169 2186 373 2221 diuturnam
390 2194 425 2222 et
442 2188 536 2231 quasi
554 2194 759 2232 perpetuam
774 2200 843 2233 pa—

169 2251 247 2273 cem
262 2234 426 2274 indicare.
452 2239 544 2273 Mihi
565 2252 646 2274 vero
664 2252 749 2274 cana
773 2242 845 2275 Pax

169 2303 293 2335 parum
308 2291 438 2335 placet;
464 2303 578 2335 neque
594 2291 640 2325 sic
656 2292 746 2326 bene
763 2305 845 2338 per-

168 2344 344 2388 petuitatis
361 2344 533 2378 rationem
552 2352 653 2388 poeta
668 2358 845 2390 expresse-

171 2396 227 2429 rit.
238 2398 474 2431 Comeicontra
484 2397 595 2442 capilli
607 2398 843 2433 venerandam

167 2449 321 2484 reddunt
335 2449 457 2485 faciem
477 2451 615 2494 (Tibul.
634 2451 698 2494 lv,
714 2462 741 2485 η
755 2479 764 2495 ,
787 2451 844 2498 ιο)

168 2508 204 2534 et
217 2502 430 2536 conveniunt
450 2502 502 2536 his
518 2502 738 2537 solemnibus.
755 2504 844 2538 Pos-

169 2559 252 2586 sunt
268 2553 373 2586 etiam
392 2554 496 2588 verba
512 2560 639 2588 comtos
652 2557 808 2589 redimita
823 2569 842 2590 e

169 2602 267 2647 copia
278 2604 410 2647 poetica
419 2604 508 2639 dicta
518 2618 589 2640 esse
602 2619 666 2651 pro
676 2619 748 2639 uno
759 2620 844 2640 com·

170 2662 215 2688 ta.
233 2655 285 2689 Ita
301 2655 438 2690 AEneid.
450 2657 520 2692 Vll
531 2683 541 2700 ,
554 2661 612 2702 751
628 2684 638 2700 ,
654 2673 670 2687 «
686 2658 844 2693 sacerdos

173 2721 190 2734 u
211 2705 350 2740 Fronde
357 2719 460 2752 super
470 2708 599 2754 galeam
610 2716 644 2743 et
654 2709 742 2743 felici
752 2723 844 2744 com-

174 2771 191 2786 »
211 2763 263 2790 tus
275 2757 382 2798 oliva;
402 2773 418 2788 υ
432 2758 700 2804 AEn.lib.V111,
714 2774 745 2793 v.
763 2763 842 2804 128,
871 2790 874 2793 .

911 1418 929 1434 «
945 1404 1029 1439 vitta
1045 1411 1180 1440 comtos
1196 1405 1415 1450 praetendere
1432 1419 1558 1444 ramos.
1570 1424 1588 1439 »

952 1455 1028 1500 71&
1057 1457 1156 1491 Tube
1170 1469 1251 1491 usus
1269 1464 1304 1492 et
1324 1458 1361 1492 in
1379 1458 1469 1493 bello
1493 1466 1527 1493 et
1550 1459 1586 1494 in

907 1506 1010 1541 sacris
1020 1506 1289 1553 spectaculisque
1303 1522 1312 1549 ;
1330 1507 1498 1555 Calpurn.
1515 1510 1588 1545 Ecl.

909 1559 926 1593 I
939 1585 949 1602 ,
965 1560 1007 1606 67
1020 1586 1029 1603 ,
1044 1574 1062 1590 «
1082 1560 1182 1595 Inter
1194 1573 1290 1596 sacra
1300 1563 1400 1597 tubas
1411 1589 1421 1605 ‚
1437 1574 1511 1597 non
1530 1564 1591 1597 in-

909 1624 928 1641 »
947 1618 1001 1645 ter
1015 1612 1105 1646 bella
1117 1625 1254 1648 sonare.
1272 1628 1290 1644 »
1315 1614 1408 1658 Quae
1432 1614 1475 1648 ad
1500 1614 1589 1650 bella

907 1664 1104 1708 pertinent,
1128 1677 1169 1699 ea
1177 1665 1262 1708 sbra
1272 1673 1506 1700 vocantur.—-
1524 1668 1590 1700 Ul·-

907 1719 1008 1750 timus
1033 1719 1124 1750 orbis
1137 1743 1145 1756 ,
1186 1724 1288 1751 terrae
1315 1718 1556 1753 remotissimae
1577 1733 1586 1759 ;

907 1767 1024 1802 Bentl.
1040 1768 1083 1802 ad
1103 1769 1293 1802 Horatium
1306 1795 1316 1813 ,
1334 1769 1371 1812 Ι,
1390 1768 1461 1804 Od.
1476 1777 1587 1811 xxxv,

908 1833 960 1866 29·
971 1838 1015 1845 -
1030 1821 1163 1859 Rimas
1178 1833 1262 1866 ergo
1275 1828 1358 1855 sunt
1371 1821 1588 1867 propinquae.

906 1890 950 1898 —·
959 1874 1101 1907 Pacatis
1111 1884 1177 1907 vox
1186 1872 1306 1908 forsan
1320 1873 1362 1908 ab
1372 1873 1504 1908 ovidio
1519 1874 1591 1910 sac-

905 1931 939 1958 ia
954 1937 962 1965 ;
980 1924 1128 1959 Metam.
1144 1925 1197 1961 Vl
1210 1951 1220 1969 ,
1241 1939 1254 1960 1
1264 1940 1275 1960 ι
1285 1940 1298 1960 ι
1313 1952 1324 1969 ,
1338 1928 1419 1960 oleae
1427 1930 1584 1970 pacales.

906 1980 1126 2013 —Percussa.
1135 1979 1204 2013 Alii
1206 1979 1358 2024 perfizsa,
1366 1979 1458 2024 quod
1470 1980 1586 2027 Taub-

906 2043 981 2065 ner.
997 2030 1040 2065 ad
1058 2044 1195 2066 morem
1212 2030 1320 2066 refert
1333 2059 1341 2072 ,
1360 2044 1431 2076 quo
1447 2045 1588 2067 merum

906 2095 947 2116 ex
961 2090 1079 2128 patera
1089 2083 1181 2119 inter
1191 2096 1324 2118 cornua
1336 2083 1457 2118 hostiae
1467 2083 1585 2119 effun‘-

907 2134 1064 2169 debatur.
1089 2136 1202 2171 Alteri
1218 2137 1357 2172 lectioni
1373 2137 1563 2172 similisest
1574 2164 1584 2181 ,

903 2186 963 2221 sed
978 2187 1133 2232 plenior,
1152 2188 1246 2223 locus
1266 2189 1319 2224 IV
1344 2189 1448 2232 Trist.
1469 2200 1499 2223 11
1513 2216 1522 2232 ,
1545 2191 1583 2224 5:

908 2251 926 2266 κ
946 2237 1175 2284 Candidaque
1191 2240 1339 2275 adducta
1351 2235 1478 2275 collum
1496 2254 1585 2286 per-

909 2304 927 2320 »
943 2303 1038 2324 cussa
1047 2293 1313 2327 securiVictima
1327 2305 1502 2338 purpureo
1510 2306 1587 2327 san-

909 2356 926 2371 »
943 2342 1047 2387 guine
1067 2343 1201 2389 tinguat
1223 2344 1383 2378 humum.
1402 2360 1418 2374 »ε
1448 2344 1585 2379 Confer

907 2407 1010 2438 supra
1025 2395 1083 2436 83,
1102 2396 1295 2430 320.—Pr0
1307 2404 1450 2440 presta!
1463 2397 1581 2430 Fran-

908 2445 1031 2480 cosurt.
1047 2453 1082 2480 et
1098 2446 1262 2482 undecim
1290 2449 1345 2482 alii
1361 2455 1495 2492 prestet
1507 2475 1516 2488 ,
1544 2442 1585 2483 ut

907 2497 1139 2531 simulvotum
1151 2498 1314 2533 includat.
1323 2500 1584 2546 Hamburg.pa-

906 2563 976 2584 cem
985 2561 1054 2595 qua·
1059 2558 1210 2593 proestal,
1219 2565 1308 2595 pace
1312 2561 1469 2596 perenne!
1474 2581 1482 2590 .
1496 2567 1582 2599 qua-

907 2601 978 2634 lem
1001 2601 1115 2635 lusum
1139 2601 1287 2638 Ovidius
1305 2617 1387 2638 sane
1405 2611 1498 2639 amat
1513 2631 1523 2647 ,
1547 2611 1586 2639 ut

908 2665 995 2686 vers.
1012 2656 1052 2686 25
1065 2679 1074 2695 ,
1097 2667 1159 2699 72:
1181 2654 1214 2688 ll
1227 2681 1237 2697 ,
1255 2657 1316 2699 52,
1333 2663 1368 2689 et
1382 2668 1480 2701 saepe.
1500 2658 1584 2690 Pas-

907 2704 972 2737 sim
984 2711 1100 2738 autem
1110 2705 1147 2739 in
1159 2705 1225 2741 hoe
1235 2719 1339 2752 opere
1353 2721 1474 2753 pacem
1486 2722 1585 2744 com·

910 2755 1054 2790 mendae
1066 2782 1075 2799 ,
1100 2756 1358 2804 detestaturque
1367 2760 1472 2795 bella.
