1826 3054
203 240 293 297 460
730 240 1104 289 Excmzsus

202 335 386 384 Factum
407 333 495 384 boc
516 345 611 384 erat
632 333 678 383 in
696 335 762 384 M.
788 347 832 385 et
848 337 899 385 L.
921 337 1153 395 Antoniis,
1180 336 1254 386 sed
1278 348 1431 405 postea
1453 338 1635 389 restitu-

203 423 329 470 tum;
357 412 473 476 idem
495 411 636 463 facere
660 413 877 481 parabant
899 414 946 463 in
968 414 1129 464 Pisone
1152 435 1164 464 ε
1184 415 1276 465 Cic.
1301 414 1466 483 Philip.
1493 418 1632 476 XIII,

210 511 291 553 12;
314 495 418 545 Tac.
444 496 563 545 Ann.
587 497 685 555 111,
711 508 845 554 xvn,
873 508 1011 546 xv111.

268 578 370 626 Jam
388 577 442 627 de
462 578 645 635 Ovidio,
671 580 855 646 ejusque
875 597 1008 645 opera
1029 578 1077 627 in
1094 578 1239 628 Fastis
1255 578 1544 629 kalendar-ibus
1563 598 1634 629 ex-

205 659 424 729 plicandis
447 673 492 712 et
513 662 778 711 exornandis
802 662 963 729 posita.

272 743 441 801 Multa,
469 763 568 811 quae
590 744 637 792 in
661 743 732 793 his
754 743 880 794 fastis
896 783 909 802 ,
938 744 1030 794 sive
1056 756 1225 794 veteres
1255 757 1386 795 notas
1416 746 1637 795 interdum

206 825 570 893 interpretatione
601 827 831 891 ambiguas
845 866 858 887 ,
889 828 980 877 sive
1003 827 1133 878 ferias
1154 847 1391 896 earumque
1414 828 1606 892 origines
1626 867 1638 886 ,

208 909 296 959 sive
318 910 500 960 notitias
521 910 757 960 historicas
780 911 846 960 ibi
870 911 1118 980 adscriptas
1142 923 1312 981 spectes
1328 949 1341 970 ,
1365 911 1425 961 ob
1447 912 1642 978 antiqui-

207 1003 341 1042 tatem
362 994 554 1044 obscura
575 1007 701 1045 crant
729 1007 774 1044 et
796 994 1088 1063 explicatione
1118 995 1380 1060 indigebant
1395 1033 1407 1053 ,
1441 995 1528 1060 jam
1551 1013 1643 1043 ma-

208 1086 307 1124 ture
328 1076 586 1127 invenerant
603 1090 830 1138 auctores,
856 1079 935 1146 qui
957 1079 1004 1127 in
1022 1078 1078 1128 iis
1096 1078 1372 1147 exponendis
1391 1079 1491 1127 data
1511 1097 1643 1145 opera

208 1160 367 1210 versati
396 1173 537 1211 erant.
565 1163 656 1211 Tot
688 1162 894 1211 feriarum
927 1162 1122 1226 origines
1151 1162 1217 1210 ibi
1244 1161 1504 1220 illustratae,
1536 1180 1644 1227 qua-

210 1252 339 1291 tenus
359 1241 455 1292 fieri
478 1255 657 1311 poterat
682 1263 734 1293 ex
757 1244 1021 1311 antiquitate
1059 1263 1242 1294 romana
1272 1244 1469 1312 repetitae
1487 1282 1500 1302 ,
1533 1244 1645 1292 ritus

208 1326 552 1392 ceremoniaeque
578 1325 857 1390 singulorum
886 1326 1101 1377 festorum
1130 1327 1319 1377 enarrati
1344 1339 1389 1376 et
1411 1325 1644 1394 explicati,

208 1407 406 1456 Deorum
436 1407 725 1476 antiquorum
747 1408 927 1458 nomina
956 1421 998 1458 et
1025 1408 1173 1458 cultus
1200 1409 1417 1476 expositi,
1452 1407 1647 1475 templo-

209 1508 309 1539 rum
329 1489 609 1540 conditorum
628 1490 818 1541 historia
837 1490 1019 1550 tradita,
1044 1493 1166 1541 notis
1186 1490 1274 1540 illis
1292 1491 1539 1557 antiquitus
1560 1501 1648 1537 tra-

210 1570 311 1620 latis
334 1572 444 1639 quid
467 1572 792 1637 significaretur
811 1573 1080 1630 indicatum,
1113 1573 1217 1622 anni
1245 1573 1442 1622 rationes
1469 1571 1649 1620 diversae

211 1654 447 1722 expositae,
474 1674 645 1705 errores
661 1693 674 1714 ,
702 1655 781 1723 qui
810 1655 945 1720 vulgo
980 1655 1403 1706 circumferebantur
1419 1692 1433 1713 ,
1463 1653 1648 1702 discussi

212 1736 495 1800 legebantur,
516 1737 677 1795 verbo,
704 1737 918 1805 quicquid
940 1738 986 1786 in
1007 1737 1063 1787 iis
1080 1736 1377 1787 illustratione
1400 1736 1649 1800 indigebat,

213 1820 528 1869 commentario
556 1831 777 1888 perpetuo
805 1838 979 1869 omnem
1010 1838 1174 1869 annum
1204 1830 1498 1887 persequente
1528 1836 1654 1867 com-

212 1902 570 1970 prehendebatur
600 1923 611 1952 ε
646 1921 788 1970 eoque
810 1902 953 1966 magis
976 1902 1025 1951 hi
1046 1901 1286 1969 scriptores
1305 1940 1317 1960 ‚
1348 1901 1425 1968 qui
1451 1899 1516 1948 vel
1542 1919 1653 1948 com-

214 1985 419 2034 mentan'is
431 1997 474 2034 et
486 1984 613 2035 libris
631 1983 931 2053 peculiaribus
950 1984 1016 2035 vel
1036 1983 1283 2034 brevmn'hus
1298 1982 1626 2032 adnotaIiom'bus
1637 2023 1648 2038 ,

218 2087 328 2135 quas
346 2068 471 2118 fastis
489 2067 669 2136 publice
688 2067 832 2119 affixis
850 2067 1119 2133 adjecerant,
1143 2068 1258 2116 hanc
1278 2085 1456 2134 operam
1472 2085 1655 2115 navave-

215 2162 337 2209 rant‚
359 2150 416 2200 ad
427 2146 541 2200 hanc
554 2151 844 2219 quaestionem
861 2150 1109 2218 pertinent,
1130 2168 1268 2217 quum
1281 2159 1327 2198 et
1343 2148 1430 2216 ipsi
1445 2147 1652 2216 praecipui

215 2233 363 2283 sontes
386 2233 592 2283 carminis
612 2233 823 2283 Ovidiani
848 2232 968 2282 haud
992 2231 1127 2282 dubie
1145 2230 1325 2281 suerint.

271 2320 692 2372 Luculentissimum
707 2319 956 2388 exemplum
968 2320 1157 2370 ὀκνῶν-ἐς
1169 2317 1372 2387 ejusmodi
1384 2316 1656 2366 adnotationis

219 2404 265 2452 in
284 2404 381 2472 ipso
397 2403 581 2471 publico
597 2421 815 2453 marmore
833 2403 1063 2472 descripta
1075 2402 1289 2452 habemus
1303 2400 1350 2450 in
1359 2398 1416 2450 V
1406 2399 1504 2449 em'i
1512 2399 1657 2448 Fastis

219 2545 434 2583 adscribatur
443 2554 480 2584 et
491 2547 706 2594 provinciam
719 2548 899 2583 nancisca-
967 2555 1047 2589 Quod
1058 2563 1109 2581 m
1121 2564 1136 2581 α
1147 2554 1231 2588 ,ιη’-ιι
1243 2553 1389 2580 ‹tiam-
1402 2551 1460 2577 tuo-
1474 2559 1518 2584 m
1536 2549 1638 2575 urb-u.

220 2606 302 2641 tut-3
326 2598 451 2645 quibua
472 2599 575 2636 rebus
602 2599 751 2647 dignitas
772 2613 903 2637 consu-
1014 2618 1523 2633 ................

220 2650 303 2687 ,Ιώ
320 2650 482 2687 innuunt*
495 2664 504 2687 :
971 2662 1023 2690 Sd
1033 2667 1061 2688 tn
1072 2660 1211 2696 purpurei·
1227 2665 1256 2686 d
1267 2659 1314 2685 ab·
1325 2665 1395 2684 nov·
1407 2659 1516 2682 nonin·
1528 2655 1609 2681 Pani·
1624 2674 1632 2687 ,

222 2718 358 2751 &uginu-
372 2723 437 2744 tom
449 2728 530 2753 qun·
541 2718 630 2744 timim
645 2728 719 2745 -ιικ
730 2726 835 2747 κηρίον
845 2737 855 2753 ,
1008 2709 1065 2738 Aa
1085 2709 1235 2735 Nu-uu-
1255 2712 1341 2741 'nu-
1353 2705 1590 2740 (oppdum-qu«
1605 2710 1636 2737 p
1644 2715 1657 2721 -

256 2768 321 2795 zm
333 2767 381 2795 tibi
391 2768 481 2795 videor
493 2768 638 2795 dumo-u·
646 2777 725 2803 eque·
739 2787 747 2800 ‚
1076 2763 1114 2784 Ν
1126 2776 1134 2789 ι
1152 2764 1202 2784 ⁸¹¹³·
