1826 3054
275 240 364 304 478
806 239 1194 287 Excunsus

340 335 563 387 Herculem
586 335 833 403 Musageten
861 337 1014 402 (Fast.
1038 338 1103 386 vl
1119 374 1131 395 ‚
1165 335 1276 385 812.
1304 335 1476 386 Adnuit
1500 337 1678 389 Alcides
1694 378 1706 397 ‚

271 419 548 487 increpuitque
564 418 731 490 (yrum)
755 417 1052 486 probabiliter
1071 419 1127 468 ad
1149 430 1337 469 statuam
1365 420 1410 468 in
1439 420 1605 488 templo
1626 442 1707 489 po-

274 504 404 554 sitam
427 522 683 571 expressum
702 502 836 552 nobis
859 502 990 552 affert
1022 522 1232 553 nummus
1267 504 1503 570 Pomponii
1538 506 1678 554 Musa:
1694 544 1706 561 ‚

274 587 492 637 exhibens
517 585 752 635 Herculem
775 603 874 634 cum
898 585 1127 635 attributis
1154 586 1246 657 ζγνα
1266 596 1471 635 canentem
1503 606 1539 635 c.
1577 588 1705 636 inser.

273 669 477 719 Hercules
493 669 727 717 Musarum.
752 666 911 716 Ekhel.
939 666 967 716 l.
989 687 1025 717 c.
1049 679 1155 716 tom.
1183 669 1244 726 V,
1263 687 1309 735 p.
1335 667 1444 717 283.

340 751 466 800 Fast.
507 750 628 807 III,
664 748 772 798 253.
799 750 971 799 Junoni
998 749 1177 799 Lucinae
1204 768 1327 799 more
1360 750 1545 800 solemni
1582 751 1710 799 ssores

192 897 195 900 ι
273 832 530 882 offeruntur
546 852 559 880 ε

454 947 560 982 Ferte
576 945 662 980 Dee
670 947 777 990 flores
792 956 805 987 ‚-
835 944 964 990 gaudet
971 946 1174 988 florentibus
1189 944 1307 980 herbis

523 1006 610 1044 Hac
629 1005 707 1041 Dea
720 1032 731 1050 ‚
750 1005 795 1041 de
812 1012 938 1041 tenero
951 1005 1080 1052 cingite
1099 1004 1187 1041 flore
1202 1012 1319 1052 caput.

274 1101 428 1151 flores
450 1113 597 1150 autem
624 1101 717 1167 ejus
744 1100 1010 1150 attributum
1034 1100 1172 1150 fuisse
1194 1119 1216 1150 e
1240 1120 1424 1150 nummo
1447 1100 1629 1150 Lucillae
1645 1102 1710 1149 vi-

273 1183 455 1243 demus,
483 1183 562 1233 ubi
586 1194 674 1233 stat
695 1182 863 1232 Lucina
888 1182 1043 1232 dextra
1062 1195 1237 1234 extenta
1243 1181 1423 1251 florem,
1445 1203 1479 1233 s.
1503 1184 1710 1232 infantem

274 1278 430 1316 tenens
455 1286 466 1315 ε
494 1278 540 1315 et
561 1284 680 1315 nunc
704 1276 855 1332 patet,
883 1265 991 1333 quid
1016 1266 1102 1314 sibi
1128 1265 1268 1315 velint
1297 1265 1429 1315 ssores
1454 1285 1587 1333 opere
1615 1286 1712 1314 mu-

276 1348 370 1397 sivo
395 1348 593 1416 expressi
618 1348 666 1396 in
689 1347 944 1415 pavimento
961 1385 973 1405 ‚
1000 1347 1124 1414 quod
1147 1367 1170 1397 e
1192 1348 1335 1398 ruinis
1362 1348 1516 1416 templi
1537 1349 1712 1398 Lucinae

274 1443 450 1482 erutum
475 1430 611 1481 tradit
636 1430 822 1494 Foggin.
851 1430 1023 1479 Comm.
1050 1450 1098 1498 p.
1123 1447 1198 1479 21.

340 1513 476 1563 Lares
497 1513 727 1580 proestites‚
759 1523 809 1561 ut
834 1511 890 1560 ab
916 1511 1050 1561 Ovid.
1070 1513 1139 1571 V,
1173 1529 1261 1579 129
1281 1551 1293 1571 ‚
1328 1511 1538 1579 descripti
1577 1524 1710 1566 sunt,

276 1608 424 1646 exacte
444 1595 625 1645 exhibet
647 1612 857 1644 nummus
883 1594 1028 1659 gentis
1052 1594 1214 1644 Caesiae.
1237 1594 1295 1642 V
1285 1595 1408 1662 ejovis
1432 1595 1580 1660 (Fast.
1608 1595 1674 1643 Ill
1699 1633 1709 1650 ‚

276 1677 407 1744 433)
431 1697 533 1727 cum
556 1697 688 1746 capra
707 1676 930 1735 adstante,
954 1677 1015 1726 ita
1034 1688 1179 1726 tamen
1197 1689 1248 1726 ut
1263 1675 1430 1726 fulmen
1448 1676 1584 1734 adsit,
1604 1696 1711 1725 con-

276 1773 342 1811 tra
367 1760 582 1810 Ovidium
597 1798 610 1819 ‚
635 1760 682 1808 in
706 1759 851 1825 gentis
877 1759 1072 1809 Fonteiae
1092 1758 1284 1808 denariis
1305 1757 1508 1807 habetur.

339 1842 461 1893 Juno
477 1842 646 1910 Sospita
670 1842 801 1910 (quae
815 1842 864 1891 in
880 1841 1074 1891 nummis
1086 1841 1252 1909 Sispita
1270 1841 1404 1890 scribi
1420 1840 1554 1898 solet,
1574 1840 1710 1897 unde,

274 1945 331 1976 an
355 1924 626 1992 etymologia
648 1944 673 1975 a
700 1943 854 1992 sospes
871 1962 883 1981 ‚
908 1924 1149 1992 sospitare,
1175 1941 1277 1972 vera
1301 1924 1382 1981 sit,
1412 1922 1607 1972 dubitari
1630 1943 1713 1991 po-

278 2008 403 2073 test)
442 2009 562 2056 Fast.
588 2008 660 2065 11,
700 2005 786 2063 55,
821 2006 868 2054 in
902 2005 1093 2055 denariis
1125 2004 1357 2062 Prociliae,
1390 2004 1512 2055 Juno
1539 2004 1713 2054 Moneta

278 2091 431 2157 (Fast.
458 2091 547 2148 vl,
582 2088 704 2156 183)
728 2089 774 2138 in
799 2089 992 2139 nummis
1013 2090 1158 2154 gentis
1180 2089 1358 2139 Carisiae
1379 2099 1534 2138 exstat.

347 2172 419 2221 Ad
443 2173 562 2221 Fast.
589 2172 681 2230 IV,
717 2171 812 2238 945
829 2210 841 2227 ,
866 2171 913 2219 in
934 2171 1021 2223 fine
1039 2209 1051 2229 ‚
1077 2171 1157 2220 ubi
1188 2171 1287 2220 vide
1319 2182 1447 2219 notas
1465 2170 1708 2234 argumenti

277 2254 481 2304 historici
505 2253 561 2303 ad
587 2254 726 2303 instar
745 2254 861 2302 nobis
882 2263 944 2302 es!
964 2271 1152 2302 nummus
1185 2251 1357 2302 Servilii
1377 2291 1388 2310 ,
1429 2251 1529 2300 vide
1554 2251 1706 2299 Ekhet.

277 2337 380 2387 loco
402 2336 467 2386 ibi
490 2336 680 2385 citando.

346 2420 434 2470 Sed
454 2419 654 2469 omnium
677 2417 1079 2468 fructuosissimum
1096 2417 1217 2467 haud
1234 2416 1368 2466 dubie
1390 2427 1477 2471 cst,
1499 2416 1535 2464 si
1556 2434 1645 2464 uno
1664 2416 1708 2463 in

281 2502 379 2552 ioco
400 2503 485 2569 jam
505 2500 749 2560 Ekhelius‚
773 2501 842 2550 vir
853 2519 1039 2564 magnus
1064 2500 1207 2566 (tom.
1225 2500 1277 2556 V,
1298 2517 1341 2566 p.
1363 2496 1489 2565 276)
1510 2497 1708 2547 iectionis

281 2585 550 2635 vindicanda
571 2585 684 2635 viam
710 2605 733 2635 e
756 2603 938 2634 nummo
968 2583 1179 2633 ostendit.

347 2667 472 2718 Fase.
510 2667 612 2725 VI,
637 2666 726 2715 651
755 2686 853 2734 sqq.
879 2666 967 2731 (cf.
995 2666 1088 2715 Liv.
1114 2667 1202 2723 IX,
1226 2662 1313 2721 303
1337 2675 1381 2712 et
1406 2662 1501 2712 val.
1525 2663 1703 2712 Maxim.

284 2752 353 2808 11,
379 2750 429 2807 5,
456 2752 493 2815 ἓ.
521 2750 595 2813 4).
633 2748 822 2800 Ovidius
846 2749 1061 2814 originem
1095 2747 1459 2814 Quinquatruum
1489 2746 1705 2795 minorum
