1826 3054
526 144 932 189 FASTORUM
968 145 1104 188 LIB.
1138 145 1228 189 IV.

1503 145 1589 201 243

243 239 462 287 Cumaeam
477 274 489 296 ,
511 248 701 294 veteres,
725 235 1009 287 consuluistis
1029 256 1174 286 anum.

176 315 359 382 Templa
378 315 504 381 jubet
522 315 685 363 Veneri
705 313 801 362 fieri
819 334 830 362 :
853 314 1019 381 quibus
1042 314 1196 363 ordine
1214 313 1366 374 factis,

242 391 349 439 Inde
374 392 525 440 Venus
545 409 671 439 verso
694 390 875 439 nomina
896 390 1029 439 corde
1053 401 1189 439 tenet.

1534 407 1598 440 160

180 468 358 534 Semper
375 467 431 515 ad
452 467 670 516 AEneadas
690 466 866 533 placido
880 503 893 524 ‚
918 465 1215 533 pulcherrima
1228 503 1241 525 ‚
1267 464 1392 515 vultu

245 545 456 613 Respice;
482 557 636 613 totque
658 558 757 595 tuas
773 583 785 604 ‚
810 546 924 593 Diva
938 583 951 603 ‚
971 557 1093 593 tuere
1115 563 1268 596 nurus,

181 623 298 670 Dum
322 621 482 688 loquor
500 643 510 670 :
530 621 651 671 elatae
670 621 934 671 metuendus
954 621 1152 669 acumine
1175 621 1322 670 caudoe

244 698 452 765 Scorpios
471 699 516 746 in
538 698 699 747 virides
720 698 1021 765 praecipitatur
1042 716 1191 764 aquas.

179 779 286 826 Nox
307 778 389 825 ubi
412 778 656 835 transierit,
680 777 921 844 caelumque
939 776 1172 824 rubescere
1193 777 1339 843 primo

1542 793 1603 826 165

247 855 443 922 Coeperit
457 892 470 913 ‚
496 866 538 903 et
560 865 687 903 tactae
703 873 805 902 rore
829 865 1071 920 querentur
1090 872 1216 912 aves3

181 934 518 997 Semustamque
540 931 678 979 facem
698 930 880 993 vigilata
901 943 1033 980 nocte
1057 931 1200 979 viator

185 1044 349 1078 omnibus
364 1042 436 1077 aliis
450 1042 638 1077 sanctitatis
648 1040 749 1075 laude
761 1047 865 1075 ante-

185 1098 347 1138 cellebat;
364 1096 434 1130 vid.
449 1095 624 1131 Plutarch.
642 1095 777 1138 Quaest.
789 1095 867 1129 Ro-

188 1163 282 1185 man.
297 1157 379 1183 tom.
398 1149 471 1183 Vll
484 1174 494 1190 ,
511 1160 587 1193 pag.
613 1148 692 1190 ¹443
709 1146 865 1189 Plinius,

191 1203 282 1237 Hist.
292 1202 370 1236 Nat.
385 1200 477 1234 Vlll
488 1226 498 1242 ‚
509 1199 570 1239 353
583 1197 744 1232 Valerius
753 1197 867 1233 Maxi-

190 1266 268 1288 mus
281 1279 291 1295 ,
308 1251 419 1294 Vm,
444 1253 482 1285 15
496 1265 506 1292 ;
522 1250 638 1284 Julius
656 1249 865 1293 Obsequens

190 1319 263 1351 cap.
280 1318 344 1352 973
366 1303 533 1345 Orosius,
552 1302 627 1345 Vl,
646 1314 697 1336 η.

233 1359 345 1391 Roma
355 1383 363 1391 .
374 1382 400 1391 ..
409 1357 528 1399 .lapsa
541 1360 611 1394 est,
636 1353 790 1389 Romani
805 1360 867 1388 aut

191 1411 362 1446 Romanae
371 1422 390 1443 a
399 1407 563 1454 pudicitia
571 1407 673 1453 lapsae
680 1414 763 1442 sunt
771 1421 780 1449 ;
794 1419 867 1441 mo-

189 1476 245 1498 res
261 1473 385 1497 eorum
407 1460 561 1505 corrupti
580 1466 663 1494 sunt
685 1459 730 1494 ad
750 1458 867 1494 libidi-

189 1526 285 1549 nem.
301 1514 395 1547 Labi
406 1511 449 1546 de
466 1511 571 1546 rebus
586 1537 596 1554 ,
614 1522 692 1556 quae
710 1510 747 1544 in
767 1509 869 1545 dete-

189 1567 261 1600 rius
270 1571 472 1604 mutantur;
487 1562 615 1598 Cicero
624 1588 635 1606 ,
646 1561 730 1607 Leg.
740 1561 777 1597 11
788 1587 798 1605 ,
811 1574 824 1595 ι
832 1564 867 1596 5;

189 1631 296 1653 mores
304 1618 454 1661 Iapsiad
460 1618 632 1650 mollitiem
635 1626 647 1657 ,·
658 1614 774 1649 Livius
786 1626 870 1659 prae·

189 1670 249 1706 sat.
267 1684 286 1700 «
304 1669 443 1704 labente
460 1667 627 1713 paulatim
638 1666 836 1712 disciplina,
850 1680 870 1696 ›-

191 1731 227 1759 et
237 1723 340 1769 paulo
352 1729 430 1768 post
440 1736 448 1757 ι
459 1736 478 1752 01
488 1729 529 1756 ut
543 1734 659 1756 mores
670 1720 780 1766 magis
793 1732 872 1754 ma-

194 1789 212 1804 »
230 1775 349 1820 gisque
370 1773 454 1818 lapsi
476 1773 556 1808 sint.
579 1788 597 1803 »
623 1773 745 1818 Neque
762 1774 872 1815 labia

187 1827 357 1868 pudicitia
381 1825 501 1859 vitiose
525 1823 658 1859 dictum
675 1837 685 1865 ;
712 1823 847 1858 Plinius
859 1848 870 1866 ,

195 1877 242 1919 V,
257 1877 365 1922 Epist.
381 1890 392 1910 ι
400 1890 421 1910 o
433 1889 443 1911 z
457 1879 502 1910 ab
515 1878 579 1910 boc
588 1878 767 1922 archetypo
778 1878 875 1911 labor

192 1935 228 1962 et
239 1930 369 1962 decido.
386 1927 445 1963 Sic
460 1927 567 1973 igitur
585 1927 669 1961 ferri
684 1927 757 1962 haec
771 1927 873 1962 lectio

195 1988 319 2027 potest.
341 2000 385 2007 —
406 1980 524 2015 Multo
550 1980 669 2015 minus
692 1979 874 2014 offendere

196 2046 411 2079 quemquam
427 2032 532 2067 debet
548 2031 755 2077 apostrophe
766 2057 776 2074 ,
798 2043 875 2076 que

195 2093 248 2121 est
260 2086 295 2120 in
307 2098 392 2120 voce
405 2091 540 2120 veteres.
552 2084 780 2120 Burmannus
791 2095 876 2118 vero

195 2138 343 2180 fatetur,
359 2135 493 2171 nescire
513 2149 549 2170 se
562 2162 572 2178 ,
596 2147 667 2181 quo
682 2134 768 2169 illud
787 2142 877 2170 vete-

196 2201 249 2223 res
258 2187 485 2223 referendum
495 2187 557 2230 sit,
575 2200 643 2221 nec
653 2187 717 2221 sibi
732 2185 878 2230 intelligi

199 2239 439 2275 antecedentia
445 2241 557 2274 Roma
565 2245 631 2273 etc.
640 2238 765 2283 Quum
773 2237 878 2283 igitur

197 2299 279 2326 csta
289 2291 383 2327 libris
396 2290 604 2337 quibusdam
618 2290 725 2333 absit,
736 2289 877 2324 suadet:

201 2344 310 2376 Roma
319 2369 330 2383 ,
341 2346 509 2387 pudicitia
516 2369 524 2377 .
536 2370 544 2379 .
556 2369 565 2377 .
574 2345 675 2387 lapsa
683 2369 692 2382 ‚
712 2343 879 2377 Cumaeam

201 2397 296 2430 haud
299 2403 417 2432 temere
424 2400 641 2432 consuluistis
649 2411 761 2431 attunt.
774 2397 879 2431 Nam-

202 2463 270 2495 que
286 2452 397 2485 Rmna
412 2454 633 2487 consuluistis
648 2452 827 2497 eleganter
845 2456 881 2484 et

202 2515 243 2536 ex
258 2513 356 2536 more
366 2501 542 2538 Ovidiano
557 2517 631 2539 esse
646 2503 779 2538 dictum
796 2514 880 2547 pro:

205 2553 358 2587 Romani
373 2555 600 2590 consuluistis.
620 2555 695 2601 Ego
710 2567 794 2589 vero
809 2554 882 2588 ele—

206 2606 359 2651 gantiam
377 2606 473 2642 illam
491 2619 565 2643 non
583 2607 760 2652 intelligo,
778 2614 882 2651 atque

204 2658 413 2702 conjectura·
433 2660 529 2694 baad
549 2665 669 2694 tenere
696 2658 882 2695 temeraria

909 1066 916 1074 .
929 1040 1015 1075 mihi
1031 1040 1180 1076 videtur.
1187 1060 1231 1067 -—
1239 1041 1295 1075 De
1306 1042 1442 1076 Cumaea
1450 1053 1521 1076 anu
1529 1041 1608 1076 vide

930 1092 974 1127 ad
992 1092 1080 1128 XIV
1097 1092 1187 1127 Met.
1204 1107 1276 1128 ιοι.
1288 1094 1460 1133 -Jubet‚
1481 1106 1611 1138 nempe

931 1144 1072 1191 Sibylla.
1086 1163 1130 1170 —-
1149 1145 1274 1179 Ordine
1289 1172 1297 1185 ‚
1325 1145 1403 1179 rite.
1417 1173 1419 1175 .
1431 1144 1611 1179 Caeterum

932 1196 1119 1231 Pausanias
1135 1196 1247 1231 Boeot.
1262 1209 1337 1241 cap.
1357 1196 1417 1239 16,
1430 1210 1506 1242 pag.
1525 1199 1585 1241 742
1602 1222 1612 1240 ,

931 1248 1182 1293 perantiquum
1196 1248 1337 1293 signum
1349 1247 1500 1283 Veneris
1514 1249 1615 1293 Apo—

930 1299 1094 1344 strophiae
1110 1306 1305 1342 memorat,
1326 1298 1514 1344 additque,
1535 1312 1616 1334 eam

929 1351 977 1387 sic
988 1351 1137 1396 dictam,
1149 1359 1189 1387 ut
1201 1352 1361 1387 homines
1372 1365 1390 1386 a
1401 1352 1545 1387 libidine
1557 1353 1616 1387 in-

929 1416 1090 1442 concessa
1098 1405 1313 1450 impurisque
1323 1403 1419 1439 sactis
1429 1411 1614 1440 averteret.

979 1456 1051 1490 153.
1081 1458 1235 1491 Occasus
1260 1458 1395 1500 scorpii
1419 1460 1615 1490 matutinus.

933 1508 1106 1554 Occidere
1113 1509 1340 1555 coeperatjam
1348 1509 1390 1544 ad
1397 1509 1495 1543 diem
1502 1508 1615 1543 xvll

933 1562 1013 1597 Kal.
1028 1562 1158 1608 Aprilis
1169 1576 1178 1605 ;
1191 1562 1270 1597 vide
1286 1562 1343 1597 ΙΙΙ
1355 1587 1364 1605 ,
1386 1576 1460 1607 7¹¹·
1475 1561 1532 1595 De
1548 1561 1616 1595 hoc

934 1615 1050 1651 sidere
1066 1615 1326 1651 accommodate
1342 1615 1386 1650 ad
1398 1614 1524 1660 scorpii
1538 1614 1616 1648 ani-

935 1668 1034 1703 malis
1041 1675 1203 1703 naturam
1214 1668 1379 1712 loquitur.
1388 1665 1510 1701 Cauda
1518 1665 1616 1700 euim

933 1720 1012 1763 ejus
1022 1720 1110 1754 elata
1119 1720 1157 1753 in
1166 1726 1346 1754 curvatam
1360 1718 1540 1763 cuspidem
1552 1716 1617 1751 de-

936 1772 1039 1815 sinit,
1067 1779 1103 1807 et
1122 1784 1263 1817 semper
1287 1772 1325 1805 in
1348 1778 1449 1805 motu
1471 1777 1544 1813 est,
1571 1782 1619 1804 ne

937 1823 1079 1869 quando
1089 1822 1178 1858 desit
1188 1823 1359 1858 occasioni
1368 1837 1378 1864 ;
1393 1822 1541 1864 Plinius,
1549 1821 1616 1863 XI,

938 1879 991 1910 25.
1009 1875 1128 1910 Etiam
1150 1875 1187 1910 11
1204 1875 1354 1909 Metam.
1379 1887 1443 1922 ¹99
1456 1885 1465 1906 :
1479 1876 1620 1907 vulnera

937 1933 1075 1962 curvata
1096 1930 1273 1961 minitatur
1289 1929 1439 1969 cuspide.
1453 1942 1498 1952 ——
1522 1925 1593 1959 Pro
1606 1950 1617 1967 ,

938 1979 1006 2014 hoc
1015 1979 1087 2025 ipso
1097 1978 1168 2022 die,
1179 1977 1304 2013 maluit
1314 1977 1490 2012 varietatis
1503 1989 1620 2020 causa,

938 2034 1016 2066 dum
1033 2033 1159 2076 loquor.

987 2082 1059 2117 155.
1076 2083 1131 2119 IV
1142 2082 1276 2117 Nonar.
1288 2083 1466 2116 Pleiadum
1478 2093 1621 2116 occasus

942 2135 1000 2168 oel
1016 2135 1191 2174 heliacus,
1213 2135 1270 2168 vel
1289 2136 1504 2177 vespertdws.
1530 2131 1622 2168 lund

941 2184 1018 2219 vult
1032 2184 1212 2230 Neapolis,
1230 2185 1296 2220 hoe
1312 2185 1522 2220 Taubnerus
1533 2210 1544 2226 ,
1562 2183 1622 2228 qui

941 2237 1113 2273 heliacum
1125 2244 1202 2282 post
1212 2237 1354 2272 tertium
1368 2237 1513 2273 demum
1525 2237 1621 2271 diem

943 2289 1021 2325 fieri
1041 2289 1232 2325 contendit.
1249 2308 1295 2316 —
1311 2292 1490 2328 Pleiades.
1516 2289 1622 2323 latine

951 2343 1111 2385 Vergilia,
1122 2348 1257 2386 septem
1263 2342 1411 2377 stellein
1421 2341 1525 2375 dorso
1533 2341 1626 2375 Tau-

944 2395 987 2439 ri,
1001 2395 1152 2430 Atlantis
1165 2394 1264 2435 ffliae;
1279 2395 1455 2440 Hyginus,
1468 2394 1535 2429 sab.
1554 2407 1626 2441 ¹9²·

988 2450 1068 2483 Not
1078 2474 1087 2482 .
1096 2474 1106 2483 .
1114 2474 1122 2481 .
1132 2461 1225 2492 opus.
1237 2449 1399 2483 Pluribus
1409 2455 1547 2494 tempus
1554 2460 1626 2483 mar

947 2501 1102 2536 tutinum
1115 2501 1451 2547 designat—(lueri
1461 2501 1505 2535 de
1519 2507 1626 2536 cantu

946 2554 1083 2594 avium;
1103 2554 1229 2587 Horat.
1245 2552 1356 2598 Epod.
1377 2553 1436 2596 11,
1453 2552 1516 2595 26,
1541 2554 1626 2595 Que-

946 2613 1064 2640 runtur
1071 2609 1109 2639 ia
1122 2608 1219 2640 silus
1233 2617 1322 2640 aves.
1339 2605 1457 2640 Etiam
1473 2604 1516 2639 de
1532 2604 1628 2638 molli

945 2665 983 2693 et
1000 2658 1095 2693 suavi
1113 2658 1204 2693 tibiae
1220 2669 1308 2693 sono
1330 2658 1480 2698 dicitur;
1497 2657 1631 2690 Lucre-
