1826 3054
497 270 902 316 FASTORUM
937 272 1073 315 LIB.
1117 273 1212 316 VI.

1474 276 1562 330 403

154 367 257 414 Haec
279 366 507 414 hominum
534 375 818 413 monumenta
841 375 994 430 patent
1013 383 1023 411 :
1045 363 1080 412 si
1106 364 1299 430 quaeritis
1318 377 1458 427 astra,
1506 383 1574 430 195

214 448 340 494 Tunc
364 446 503 494 oritur
524 444 671 506 magni
693 462 860 510 praepes
883 442 1050 491 adunca
1074 443 1214 493 Jovis.

155 524 367 571 POSTERA
392 521 467 569 lux
490 520 689 587 Hyadas,
713 519 916 568 Taurinae
941 538 1105 568 cornua
1127 519 1310 579 frontis,

220 599 406 652 Evocat;
434 608 476 644 et
495 596 632 645 multa
656 608 769 644 terra
791 595 1002 644 madescit
1024 614 1149 662 aqua.

158 675 302 722 MANE
326 673 407 720 ubi
431 673 501 721 bis
524 672 682 728 fuerit,
710 671 993 737 Phoebusque
1017 671 1236 721 iteraverit
1258 685 1410 734 ortus;

220 753 438 817 Factaque
464 750 547 798 erit
570 750 718 816 posito
740 768 841 798 rore
864 749 936 798 bis
959 749 1043 797 uda
1066 769 1190 814 seges
1210 771 1220 809 ;

1508 777 1575 801 200

156 830 250 876 Hac
274 840 440 877 sacrata
462 828 532 875 die
553 829 700 875 Tusco
723 826 907 875 Bellona
931 826 1078 876 duello

221 905 421 963 Dicitur3
449 916 490 952 et
510 904 638 952 Latio
663 922 873 970 prospera
898 923 1071 970 semper
1092 903 1231 952 adest.

157 983 332 1049 Appius
357 994 424 1031 est
447 993 623 1040 auctor,
649 981 821 1048 Pyrrho
846 981 923 1047 qui
943 1000 1049 1047 pace
1070 992 1251 1043 negata,
1285 1013 1291 1017 -

224 1059 369 1107 Multa
394 1059 540 1106 animo
563 1056 699 1114 vidit3
722 1057 887 1105 lumine
910 1069 1063 1123 captus
1082 1068 1185 1104 erat.

159 1135 382 1200 Prospicit
404 1154 428 1181 a
454 1132 620 1200 templo
645 1152 864 1182 summum
885 1133 1030 1181 brevis
1053 1151 1149 1180 area
1172 1132 1334 1180 circum
1355 1152 1365 1180 :

208 1274 219 1293 1
226 1263 278 1307 95.
293 1260 396 1294 Ortus
404 1259 441 1293 A
441 1261 538 1304 quiloe
545 1262 756 1302 wsperliaus.
770 1258 838 1293 Pli-

161 1313 260 1355 nius,
288 1313 434 1356 XVIII,
462 1326 501 1356 27
519 1339 528 1355 ,
557 1312 586 1357 S.
605 1313 625 1346 3
647 1324 655 1346 z
676 1326 694 1341 «
715 1311 838 1346 Tertio

163 1380 179 1394 »
200 1365 317 1399 Nonas
340 1364 363 1398 J
368 1364 439 1398 unii
469 1362 597 1398 Caesari
625 1369 661 1397 et
689 1361 837 1407 Assyriae

164 1431 181 1447 n
197 1416 323 1461 Aquila
352 1416 486 1460 vesperi
510 1415 646 1455 oritur;
674 1428 691 1443 ι)

160 1481 232 1513 cap.
251 1478 352 1510 xxlx,
368 1469 389 1510 4
406 1479 412 1500 :
426 1482 442 1495 «
459 1466 599 1510 Quarto
610 1465 728 1501 Nonas
737 1463 837 1498 ,Iunii

163 1535 180 1550 >›
202 1522 330 1555 iterum
348 1518 475 1563 Aquila
491 1519 645 1552 exoritur
660 1516 804 1561 vesperi.
819 1530 836 1545 »

162 1573 219 1608 Sic
248 1579 283 1607 et
304 1569 519 1613 Columella,
538 1569 612 1611 XI,
632 1583 648 1603 2
662 1595 671 1611 ,
691 1569 750 1613 qui
768 1567 837 1605 ad-‚

162 1625 212 1659 dit
229 1637 237 1659 :
258 1639 275 1654 «
295 1629 480 1668 tempestas
501 1628 643 1655 ventosa
665 1627 699 1654 et
719 1620 839 1653 inter-

163 1692 182 1708 ν
190 1678 274 1714 dum
283 1677 408 1722 pluvia.
419 1675 839 1720 »—Aquila.lovlspraepes

162 1731 267 1764 etiam
290 1728 339 1764 lV
363 1728 510 1763 Metam.
536 1727 669 1771 713.—
684 1727 840 1768 Quoen'm·

165 1781 330 1817 Heinsius
347 1780 476 1825 recepit
487 1792 528 1813 ex
541 1777 662 1812 Ursini
679 1783 714 1811 et
730 1776 840 1810 tribus

166 1832 237 1866 aliis
254 1844 262 1865 :
279 1830 394 1866 caeteri
406 1855 415 1873 ‚
433 1834 616 1875 querimus.
630 1846 675 1854 —
688 1828 759 1862 Pro
765 1840 839 1871 pa·-

165 1891 234 1920 tent
257 1884 433 1918 Puteanus
454 1888 606 1921 maneat,
632 1880 725 1926 quod
748 1881 839 1914 bene

167 1938 209 1972 de
227 1935 464 1972 monumentis
479 1934 615 1969 dicitur.

215 2003 285 2037 ¹97·
312 1990 367 2024 lv
391 1990 508 2022 Nonas
530 1988 670 2032 Hyades
693 1988 845 2018 oriuntur

167 2045 304 2077 heliace.
319 2041 373 2075 De
392 2039 575 2086 Hyadibus
589 2037 667 2071 vide
680 2036 746 2079 IV,
756 2037 840 2083 5793

170 2095 219 2136 V,
243 2093 302 2135 164
320 2104 391 2136 sqq.

216 2145 378 2191 199-208.
406 2142 521 2176 Pri-⁴1¹1?
550 2141 666 2174 Nonas
696 2140 845 2173 Bellone

166 2197 321 2239 templum
329 2199 496 2227 sacratum
501 2190 702 2228 .——Mitsche
707 2189 846 2224 rlichius

170 2260 241 2282 non
254 2243 520 2281 iteraveritdedit
530 2270 539 2287 ‚
560 2244 619 2279 sed
630 2269 639 2286 ,
652 2243 726 2277 sine
738 2242 844 2277 dubio

171 2311 289 2334 errore
303 2309 488 2343 operarum
501 2321 511 2339 ,
522 2299 700 2334 mirer-cru.
710 2294 769 2329 Sol
780 2298 846 2328 ite-

171 2356 224 2384 rat
239 2357 330 2384 ottus
342 2375 351 2392 ,
371 2349 478 2383 altera
496 2348 568 2383 vice
585 2348 717 2388 oritu··;
735 2360 781 2380 vs.
795 2350 846 2392 59.

173 2420 217 2427 —-·
234 2401 398 2441 Heinsius
425 2393 575 2434 malebat
594 2404 747 2442 tactaque
774 2402 846 2431 crit.

178 2455 292 2495 Immo
310 2459 403 2494 tacta
428 2455 497 2493 uda
521 2452 611 2486 male
640 2452 847 2496 junguntur.

176 2524 220 2531 —
228 2507 382 2546 Duellaemss
395 2517 459 2549 pro
470 2504 560 2539 bello
570 2503 675 2537 etiam
688 2501 778 2547 apud
790 2501 850 2536 Li·

178 2560 274 2592 vium
288 2558 421 2603 passim.
441 2558 497 2592 De
516 2557 606 2591 bello
625 2556 792 2597 Etrusco,
809 2554 848 2588 in

180 2612 472 2657 qquppiusrem
483 2610 602 2656 gessit,
614 2609 727 2651 idem,
741 2609 792 2650 X,
810 2608 850 2647 18

180 2679 243 2710 sqq
259 2678 267 2699 :
284 2679 301 2694 «
318 2665 455 2699 Dicitur
466 2665 597 2709 Appius
609 2664 643 2697 in
656 2661 772 2696 medio
784 2673 851 2705 pu-

184 2734 200 2748 »
217 2730 294 2762 gnae
303 2716 497 2752 discrimine
508 2743 518 2761 ,
530 2717 577 2752 ita
588 2723 626 2750 ut
636 2716 730 2751 inter
740 2716 851 2760 prima

182 2786 198 2799 2·
216 2771 310 2815 signa
329 2769 487 2804 manibus
509 2769 550 2803 ad
568 2770 691 2804 caelum
712 2767 851 2803 sublatis

717 1412 812 1447 idem
825 1437 835 1455 ‚
855 1414 858 1417 ’

1515 1147 1579 1179 205

904 1272 923 1288 »
939 1257 1197 1303 conspiceretur
1208 1283 1218 1301 ‚
1238 1257 1286 1292 ita
1304 1264 1462 1303 precatus
1482 1271 1554 1293 esse
1571 1273 1579 1293 ι

904 1323 922 1339 »
940 1309 1104 1353 Bellona,
1122 1309 1150 1344 si
1165 1309 1269 1343 hodie
1283 1310 1383 1344 nobis
1399 1310 1580 1346 victoriam

905 1376 923 1391 »
941 1361 1031 1404 duis,
1043 1369 1093 1396 ast
1104 1361 1238 1406 egotibi
1250 1362 1420 1406 templum
1431 1375 1550 1396 voveo.
1562 1377 1581 1393 »

904 1412 1021 1447 Etiam
1033 1413 1070 1446 in
1084 1412 1234 1457 inscript.
1248 1425 1353 1457 quam
1368 1413 1512 1458 Neapol.
1527 1412 1584 1447 ad·

902 1463 981 1499 tulit
991 1490 1001 1508 ,
1020 1461 1170 1504 Bellonae
1185 1466 1287 1497 oedem
1296 1463 1428 1506 secisse
1444 1465 1584 1500 dicitur.

947 1518 1023 1551 203.
1044 1516 1173 1551 Obiter
1189 1516 1318 1561 aliquid
1333 1516 1375 1550 de
1392 1517 1507 1562 Appio
1522 1517 1586 1552 ad-

904 1567 978 1611 dit,
994 1568 1087 1613 quod
1105 1568 1264 1613 inprimis
1278 1569 1519 1603 celebrabatur
1529 1596 1538 1613 ,
1551 1576 1588 1605 et

905 1619 948 1653 de
966 1632 1037 1664 quo
1053 1620 1170 1658 Valer.
1187 1620 1281 1654 Max.
1302 1620 1395 1655 VIII
1407 1646 1417 1664 ‚
1443 1634 1481 1654 12
1496 1647 1508 1665 ,
1531 1623 1588 1656 si·-

905 1670 1026 1705 milem
1040 1671 1251 1706 sententiam
1269 1670 1372 1706 habet
1389 1685 1397 1706 ε
1417 1685 1434 1700 «
1451 1673 1584 1718 Appius

908 1736 926 1752 n
948 1720 1116 1755 Claudius
1134 1720 1242 1757 sessus
1257 1722 1328 1766 jam
1344 1723 1494 1757 vivendo
1505 1750 1515 1767 ,
1531 1724 1586 1758 le-

906 1788 926 1804 »
943 1775 1028 1809 ctica
1044 1787 1081 1809 se
1098 1775 1134 1809 iu
1156 1776 1289 1810 curiam
1311 1775 1439 1810 desen-i
1462 1777 1560 1821 jussit
1573 1803 1584 1821 ‚

907 1841 925 1857 »
943 1833 982 1860 ut
998 1839 1078 1860 cum
1097 1826 1235 1873 Pyrrho
1251 1826 1446 1863 deformem
1463 1841 1586 1873 pacem

908 1892 926 1909 ›-
943 1878 1021 1912 fieri
1035 1878 1246 1923 prohiberet.
1265 1879 1373 1916 Hunc
1386 1892 1515 1914 caecum
1530 1881 1588 1915 ali·

908 1945 926 1961 »
944 1930 1020 1976 quis
1033 1931 1212 1974 nominet,
1230 1944 1249 1965 a
1264 1943 1334 1976 quo
1349 1931 1477 1976 patria,
1490 1932 1586 1977 quod

907 1997 926 2013 ν
942 1983 1129 2018 honestum
1145 1990 1238 2027 erat,
1253 1996 1316 2029 per
1328 1996 1364 2018 se
1375 1996 1499 2029 parum
1515 1997 1587 2019 cer-

909 2050 927 2066 »
946 2049 1034 2070 nens
1047 2062 1057 2079 ,
1079 2044 1196 2071 coacta
1218 2043 1270 2072 est
1292 2037 1494 2082 pervidere!
1512 2052 1586 2068 »—

908 2088 989 2122 Hoc
1006 2088 1082 2122 loco
1100 2089 1189 2123 ultra
1206 2089 1328 2135 viginti
1345 2089 1445 2124 codd.
1463 2092 1587 2125 lumine

907 2152 1026 2174 coecus.
1037 2142 1179 2184 Captus,
1202 2143 1260 2186 qui
1273 2142 1324 2176 uti
1337 2143 1450 2187 aliqua
1460 2156 1497 2176 re
1511 2155 1586 2177 non

909 2198 1045 2236 potest;
1062 2191 1197 2236 Livius,
1216 2192 1274 2236 11,
1292 2192 1335 2228 3ss
1353 2205 1361 2227 :
1376 2199 1494 2238 captus
1511 2207 1584 2228 om-

908 2245 1007 2279 nibus
1028 2246 1181 2278 membris
1199 2257 1211 2287 ,·
1241 2244 1350 2280 XXII
1369 2271 1379 2287 ,
1406 2259 1424 2279 2
1442 2258 1451 2279 :
1469 2253 1589 2288 captus

907 2298 1033 2336 oculis,
1062 2295 1122 2330 ubi
1139 2295 1216 2331 vide
1232 2295 1428 2330 Dukerum.
1445 2297 1587 2331 Primus

911 2348 1132 2384 Ambrosian.
1147 2355 1184 2383 et
1202 2348 1286 2383 Laeti
1298 2375 1308 2391 ,
1325 2361 1445 2383 cassus
1459 2348 1549 2383 sorte
1566 2361 1587 2382 e

912 2401 1059 2447 virgilio
1069 2400 1233 2444 ,1AEneid.
1245 2402 1302 2444 11,
1314 2403 1356 2436 85
1366 2426 1376 2444 ,
1395 2401 1454 2435 ubi
1467 2413 1588 2436 cassus

910 2456 1051 2494 lumine,
1080 2454 1231 2498 privatus
1245 2455 1324 2487 vita.

957 2509 1031 2540 205.
1060 2505 1153 2540 Ante
1186 2504 1297 2539 aedem
1328 2504 1483 2539 Bellonae
1509 2517 1591 2540 area

913 2563 1000 2598 erat,
1011 2562 1046 2590 et
1057 2556 1141 2590 inde
1152 2559 1260 2590 circus
1267 2555 1472 2599 Flaminius,
1482 2567 1590 2601 quem

912 2622 1073 2643 summum
1081 2635 1089 2646 ‚
1102 2609 1201 2654 eujus
1210 2615 1345 2654 partem
1357 2609 1570 2644 anteriorem
1578 2635 1590 2653 ,

914 2661 1151 2706 prospectabat
1162 2662 1333 2696 area.—A
1342 2664 1462 2706 templo
1474 2662 1595 2696 Hein—

913 2713 983 2747 sius
993 2725 1036 2746 ex
1048 2712 1168 2747 Ursini
1184 2719 1218 2746 et
1231 2725 1303 2747 uno
1315 2713 1485 2748 Patavino
1496 2720 1590 2747 recte

915 2765 1068 2809 recepit,
1086 2776 1195 2810 quum
1217 2772 1297 2799 ante
1320 2779 1345 2799 a
1363 2772 1455 2810 tergo
1476 2764 1594 2810 inepte
