1826 3054
284 171 315 200 o
543 156 954 204 FASTORUM
988 157 1127 200 LIB.
1171 157 1264 201 lv.

194 254 328 302 Veste
348 251 488 301 latens
509 269 662 300 saxum
686 248 847 299 caelesti
868 248 1031 298 viscere
1054 247 1196 297 sedit:

1525 156 1611 218 247

1547 265 1612 297 205

265 330 338 379 Sic
364 322 539 392 genitor
557 326 659 376 fatis
682 325 968 393 decipiendus
991 338 1096 375 erat.

197 408 348 457 Ardua
366 406 624 472 jamdudum
646 417 825 455 resonat
850 404 1087 453 tinnitibus
1108 403 1207 461 lde,

262 486 406 533 Tutus
429 496 479 533 ut
500 483 659 533 infanti
680 482 826 546 vagiat
846 502 920 531 ore
941 500 1065 549 puer.

198 562 306 610 Pars
329 561 508 628 clypeos
530 561 739 618 sudibus,
762 553 905 625 galeas
926 579 1030 626 pars
1049 557 1198 607 tundit
1217 558 1369 607 inanes
1387 578 1399 606 ε

261 638 361 685 Hoc
378 638 562 687 Curetes
583 638 776 695 habent3
799 637 886 685 hoc
910 636 1186 703 Corybantes
1209 653 1339 701 opus.

197 747 275 783 tulit
286 774 296 791 ‚
314 747 408 793 quod
419 748 475 782 ille
485 748 674 784 devoravit.
684 747 756 783 Sed
770 753 873 794 poeta

197 812 261 845 pro
272 799 499 835 antecedente
511 801 626 846 posuit
634 813 853 846 consequens
861 826 872 844 ,

196 855 323 886 viscere
327 853 433 893 sedin
441 856 568 887 viscere
575 853 742 888 Heinsius
750 866 791 887 ex
799 866 874 888 uno

198 903 331 939 Zulich.
341 903 439 939 dedit
451 918 460 946 ς
471 905 533 940 sed
543 904 684 940 Mitsch.
694 906 874 951 vulgatum

195 963 328 1000 gutture
340 958 524 992 revocavit.
542 958 634 992 Mihi
650 971 735 993 vero
749 959 876 994 Satur-

199 1019 267 1041 nus
286 1020 411 1052 parum
429 1008 541 1054 placet
552 1035 562 1052 ‚
579 1009 635 1043 cui
650 1009 734 1056 lapis
747 1037 757 1053 ,
783 1018 822 1046 ut
837 1024 875 1047 os

200 1058 283 1103 lupo
307 1059 399 1104 apud
427 1059 619 1095 Phaedrum
632 1087 642 1105 ,
664 1069 794 1106 gutture
812 1076 876 1098 se-

200 1110 282 1153 det;
306 1111 475 1149 Krebsius
497 1120 597 1158 putat
610 1137 621 1155 ,
640 1121 770 1159 guttum
789 1117 879 1150 sedit

201 1163 403 1208 simpliciter
419 1178 491 1200 esse
506 1192 516 1208 ,
538 1165 727 1202 devoravit.
743 1167 792 1201 At
811 1179 875 1202 se·-

202 1217 276 1250 deoe
283 1216 465 1251 notionem
474 1217 666 1252 durationis
673 1218 829 1253 involvit.
838 1217 878 1253 Si

204 1268 286 1313 quid
318 1268 531 1304 mutandum
561 1277 651 1305 esset
667 1297 679 1314 ‚
711 1270 876 1315 equidem

202 1332 284 1354 cum
296 1321 507 1356 Mam-inae
519 1329 555 1356 et
569 1321 705 1357 duobus
718 1322 792 1358 aliis
800 1336 877 1367 gur-

198 1376 270 1416 gite
283 1373 495 1418 praserrem.
513 1372 609 1408 Cum
627 1378 760 1419 gurgite
780 1375 878 1410 enim

202 1437 276 1459 non
297 1426 388 1460 male
404 1424 630 1472 componitur
649 1434 774 1463 venter
787 1454 797 1472 ,
817 1428 878 1474 qui

201 1483 252 1511 tot
277 1477 350 1522 jam
370 1477 499 1513 liberos
523 1478 648 1514 hausit.
672 1478 732 1514 Sic
755 1493 878 1524 vorago

200 1532 327 1563 ventris
340 1530 434 1565 VIII
451 1530 599 1566 Metam.
621 1531 698 1574 843.
713 1549 758 1558 —
779 1533 880 1566 Veste

199 1582 310 1615 latens
331 1594 454 1616 satum
479 1582 644 1630 Hyginus
661 1609 672 1626 ‚
696 1582 764 1636 sab.
793 1583 877 1630 139,

200 1634 345 1676 IapIden
354 1637 538 1669 &volutum
548 1642 648 1670 vocat
657 1661 667 1678 ,
676 1634 788 1670 Graeci
801 1640 880 1671 λίθον

203 1687 475 1735 ἕηαργκνωμὲνον.
494 1686 685 1722 Praeiverat
703 1686 879 1721 Hesiodus

204 1736 339 1783 Theog.
362 1740 437 1782 485.
463 1739 616 1775 Nomine
639 1736 780 1786 pnsopfio
795 1740 880 1786 lapis

202 1786 259 1821 ille
275 1786 387 1824 dictus
406 1796 550 1835 βαίηλος
570 1799 607 1826 et
626 1793 769 1827 Abadir.
787 1791 879 1827 Vide

204 1839 464 1876 Burmannum.

248 1905 325 1938 ²⁰7·
345 1892 400 1927 De
419 1892 517 1928 Jovis
533 1894 644 1939 patria
659 1894 881 1941 disputabant

205 1951 339 1980 veteres
350 1971 360 1988 ,
378 1958 488 1991 quum
503 1953 540 1980 et
555 1945 743 1982 Cretenses
756 1955 793 1982 et
808 1949 882 1983 Ar-

205 1997 305 2033 cades
320 1999 397 2043 ejus
416 1999 548 2034 natales
562 1999 607 2034 ad
622 2013 658 2035 se
678 2000 859 2036 traherent
869 2028 880 2045 ,

205 2051 288 2095 quin
302 2058 338 2086 et
348 2051 505 2099 Phryges
515 2052 551 2086 in
563 2053 764 2087 certaminis
772 2054 884 2088 socie-

204 2110 312 2137 tatem
326 2103 501 2139 venirent.
518 2105 573 2139 Ne
591 2103 780 2140 Cretenses
796 2106 883 2150 qui-

174 2165 181 2172 ’
193 2155 287 2190 ”dem
298 2154 342 2190 de
355 2163 478 2191 monte
491 2164 765 2198 consensa-unu
779 2170 885 2192 nam-

206 2221 272 2253 que
289 2208 362 2243 aliis
376 2208 414 2243 in
427 2208 531 2244 Dicta
541 2235 552 2253 ‚
567 2208 641 2243 aliis
654 2209 692 2244 in
706 2211 771 2243 Ida
782 2216 884 2252 natus

206 2259 404 2302 dicebatur;
418 2261 514 2296 unde
525 2273 607 2295 mox
615 2261 769 2297 Dictaeus
779 2288 790 2306 ‚
802 2274 884 2297 mox

206 2311 319 2347 Idam
333 2320 487 2349 voe-tur.
502 2313 665 2350 Fluctuat
677 2314 783 2349 etiam
799 2314 885 2350 Cal-

205 2365 372 2401 limachus
388 2366 524 2414 hymno
538 2367 620 2403 Jov.
636 2368 711 2411 lv,
729 2369 761 2402 6.
779 2369 884 2404 Hanc

206 2417 303 2451 litem
326 2419 487 2454 nonnulli
504 2420 552 2455 ita
572 2420 739 2455 dirimere
757 2421 886 2455 volue-

208 2476 292 2504 runt
303 2496 314 2513 ,
331 2477 371 2505 ut
379 2470 508 2506 Jovem
517 2473 554 2506 in
568 2471 671 2508 Dicta
685 2478 809 2507 narum
820 2500 830 2516 ,
845 2473 882 2507 in

209 2520 272 2556 lda
280 2520 466 2557 educatum
475 2537 547 2559 esse
555 2524 824 2560 contenderent.
836 2525 884 2559 Et

208 2575 279 2617 jam
301 2573 391 2617 apud
411 2575 607 2611 Hesiodum
631 2576 767 2622 Theog.
793 2578 857 2620 482
871 2603 882 2621 ‚

212 2624 364 2668 primum
375 2625 597 2663 absconditur
607 2628 645 2662 in
657 2635 760 2663 antro
770 2627 885 2676 Lycti,

211 2675 339 2710 deinde
354 2676 522 2712 educatur
535 2677 573 2713 in
586 2678 701 2724 AEgeo
712 2705 723 2723 ,
740 2679 800 2724 qui
816 2678 885 2713 suit

1546 661 1618 684 210

937 746 1032 782 collis
1041 745 1171 780 montis
1178 744 1273 780 ldaei.
1284 744 1357 780 Sed
1366 751 1402 780 et
1412 744 1617 792 ambiguitas

936 798 1030 833 vocis
1040 800 1106 832 Ida
1115 809 1281 843 magnam
1289 797 1327 832 in
1337 798 1436 832 omni
1445 797 1511 833 hac
1521 798 1619 832 sabu-

937 850 970 885 la
981 849 1224 885 confusionem
1239 849 1386 895 peperit.
1397 849 1488 884 Vide
1500 850 1618 896 Span-

938 902 1033 938 hem.
1044 901 1087 936 ad
1098 901 1239 936 Gallim.
1252 901 1346 937 dicto
1354 901 1443 937 loco.
1455 921 1499 929 —·
1511 904 1619 937 Jam-

937 955 1078 994 dudan,
1101 952 1280 987 continuo.

983 1018 1058 1040 210.
1071 1005 1373 1040 Curetesnonnulli
1382 1005 1525 1041 eosdem
1535 1018 1617 1040 cum

942 1058 1188 1103 Corybantibus
1210 1064 1247 1092 et
1271 1056 1372 1092 ldaeis
1389 1057 1546 1105 Dactylis
1559 1057 1619 1091 sa-

939 1109 1078 1143 ciebant
1089 1135 1099 1152 ‚
1117 1109 1172 1143 alii
1184 1121 1250 1154 pro
1264 1110 1419 1156 cognatis
1433 1109 1617 1145 habebant.

940 1162 1034 1197 Vide
1055 1175 1143 1208 quos
1164 1162 1356 1208 spanhem.
1377 1162 1421 1198 ad
1442 1162 1620 1198 Callima—

940 1213 1047 1249 chum
1056 1215 1179 1262 hymn.
1188 1215 1270 1250 Jov.
1281 1228 1368 1251 vers.
1381 1219 1421 1251 52
1432 1242 1442 1259 ,
1460 1223 1495 1251 et
1509 1217 1616 1250 Mun·
1674 1242 1681 1250 .

938 1265 1044 1301 kerus
1059 1266 1103 1300 ad
1122 1267 1256 1315 Hygini
1266 1267 1371 1303 fabul.
1388 1269 1449 1316 139
1465 1268 1619 1303 laudant.

939 1317 1076 1352 Eorum
1088 1318 1268 1353 historiam
1284 1319 1513 1365 Epimenides
1526 1319 1619 1355 Cre-

938 1370 1046 1405 tensis
1057 1371 1214 1406 carmine
1228 1371 1428 1417 complexus
1439 1379 1524 1408 erat.
1539 1373 1620 1408 Pri-

939 1420 988 1455 mi
1013 1428 1184 1456 armatam
1207 1422 1428 1458 saltationem
1451 1424 1622 1459 institue-

939 1481 1047 1518 runt,
1063 1485 1171 1520 quam
1181 1475 1296 1511 Graeci
1310 1479 1460 1527 ιυρῥίχην
1475 1485 1620 1513 vocant:

940 1526 1132 1575 Dionysius
1154 1528 1334 1564 Halicarn.
1358 1530 1417 1573 ll,
1446 1542 1507 1576 7o;
1526 1530 1621 1575 Vll,

943 1592 984 1623 7²
998 1594 1006 1621 ;
1025 1579 1153 1615 Strabo
1165 1607 1176 1623 ,
1191 1575 1248 1625 X,
1265 1595 1298 1626 p.
1316 1581 1400 1625 4663
1415 1581 1620 1618 Callimach.

941 1629 1064 1677 hymn.
1074 1631 1153 1666 Jov.
1163 1634 1205 1666 52
1214 1659 1224 1676 ,
1240 1633 1357 1678 ibique
1369 1633 1624 1682 Spanh.-Cly·

935 1695 1020 1726 peos
1035 1687 1097 1726 ὴαῖς
1117 1687 1224 1733 &ipoeu
1235 1710 1245 1728 ‚
1272 1687 1466 1734 ε’γχειριδῖοις
1477 1711 1488 1729 ,
1510 1687 1623 1720 hastis

941 1735 1090 1780 pulsasse
1109 1735 1323 1782 Apollodoro
1348 1737 1389 1780 l,
1408 1748 1442 1781 1,
1460 1738 1503 1780 3;
1525 1738 1621 1772 Dio-

942 1787 1064 1835 nysiO,
1080 1788 1116 1822 ll
1128 1814 1139 1831 ,
1158 1801 1200 1833 7⁰
1211 1803 1220 1829 ;
1231 1789 1380 1836 Hygino
1400 1789 1468 1824 fab.
1492 1791 1554 1839 ¹39
1571 1790 1623 1825 di-

942 1848 1082 1876 cuntur.
1092 1841 1199 1888 Apud
1209 1842 1380 1878 Nostrum
1394 1843 1498 1878 dubia
1510 1852 1564 1879 est
1575 1844 1624 1879 le-

942 1892 1013 1928 ctio
1026 1905 1035 1926 :
1048 1893 1132 1927 olim
1150 1893 1359 1940 vulgabatur
1368 1897 1504 1941 clypeos
1517 1898 1631 1930 mani-

944 1946 1024 1985 bus,
1038 1945 1131 1991 quod
1141 1944 1224 1980 ferri
1237 1958 1310 1980 non
1323 1953 1456 1992 potest;
1471 1950 1626 1981 manibus

945 1996 1041 2031 enim
1048 2004 1215 2045 tympana
1222 1997 1337 2044 potius
1346 1999 1539 2044 pulsabant.
1549 1999 1627 2033 Ma·

945 2059 1014 2082 zar.
1031 2055 1068 2083 et
1082 2049 1217 2084 Zulich.
1232 2052 1389 2092 meldas,
1416 2050 1509 2096 quod
1529 2050 1626 2086 Bur-

946 2113 1099 2136 mannus
1121 2103 1252 2148 recepit
1268 2129 1279 2146 ‚
1304 2103 1385 2148 quia
1400 2129 1411 2146 ,
1432 2110 1472 2137 ut
1490 2110 1624 2138 veteres

945 2153 1085 2201 clypeos
1100 2155 1220 2201 gladiis
1234 2156 1326 2191 soliti
1342 2157 1413 2192 sint
1434 2156 1570 2202 pulsare
1586 2155 1624 2190 in

947 2219 1039 2242 verae
1057 2218 1183 2253 pugne
1197 2208 1398 2254 prolusione
1410 2233 1422 2251 ,
1441 2209 1488 2243 ita
1502 2207 1625 2242 credi-

945 2259 1015 2294 bile
1030 2259 1075 2294 sit
1086 2258 1306 2308 Corybantas
1316 2261 1355 2296 in
1367 2260 1552 2296 simulacro
1562 2273 1626 2306 pu·

947 2324 1025 2358 gnae
1043 2314 1143 2346 rudes
1161 2312 1233 2347 sive
1250 2312 1393 2348 hebetes
1406 2325 1507 2348 enses
1524 2312 1628 2348 adhi-

947 2363 1071 2399 buisse.
1088 2363 1159 2399 Sed
1176 2372 1322 2410 potuere
1341 2372 1378 2400 et
1395 2366 1539 2400 sudibus
1550 2366 1604 2401 uti
1615 2393 1626 2410 ‚

949 2428 1027 2462 qua
1042 2428 1139 2450 arma
1158 2415 1483 2463 antiquissimorum
1501 2414 1626 2452 homi—

948 2480 1037 2502 num
1061 2468 1191 2502 seriore
1219 2474 1377 2513 tempore
1399 2467 1437 2503 in
1459 2468 1628 2504 exercitiis

947 2519 1076 2555 bellicis
1084 2527 1119 2554 et
1127 2519 1267 2555 ludicris
1274 2519 1522 2555 certaminibus
1530 2533 1627 2555 usur-

948 2573 1122 2618 pabantur
1132 2585 1141 2606 :
1152 2570 1231 2607 vide
1243 2571 1410 2607 Cortium
1420 2572 1464 2607 ad
1476 2572 1627 2608 Sallustii

948 2625 1089 2661 Bellum
1114 2623 1226 2660 Civile
1246 2624 1351 2669 LVI,
1371 2625 1404 2660 3.
1425 2624 1472 2660 Et
1486 2627 1627 2660 sudibus

949 2678 1084 2713 habent
1095 2690 1171 2714 uon
1183 2677 1290 2713 modo
1300 2677 1398 2714 MSS
1410 2704 1421 2722 ,
1432 2678 1534 2724 prim.
1545 2678 1626 2712 Am-
