1826 3054
227 262 314 305 500
743 261 1124 306 EXCURSUS

224 355 309 405 coli
327 354 460 406 soliti.
482 355 595 405 Aliis
617 366 730 405 terra
754 355 1008 414 videbatur,
1035 355 1156 423 quod
1182 373 1330 405 semen
1350 357 1641 424 recipiebant,

223 452 314 500 quo
337 433 464 483 etiam
494 432 602 500 Opis
623 433 807 482 consivloe
829 452 1071 497 cognomen
1096 445 1277 501 spectat.

287 510 509 560 Vertumni
526 529 705 578 quoque
724 519 769 558 et
789 510 988 559 Pomonoe
1008 511 1215 560 memoria
1237 511 1507 570 flaminibus,
1534 524 1642 562 tem-

224 587 312 656 plis
325 625 338 646 ,
362 599 405 635 et
421 587 540 636 seriis
558 586 773 636 celebrata
788 599 867 636 est.
886 589 1097 637 ‘Pomonae
1111 607 1270 637 munus
1290 609 1447 638 nomen
1466 590 1643 656 prodit;

221 668 275 717 de
297 668 542 716 Vertumno
568 667 653 733 ipsi
680 678 844 716 veteres
859 666 1087 716 ’interdum
1107 666 1395 725 dissentiunt;
1418 688 1472 717 eo
1499 680 1641 718 tamen

216 746 406 815 plurima
424 757 680 802 recurrunt,
707 745 854 812 ipsum
872 765 1034 795 nomen
1054 765 1217 795 munus
1236 747 1329 811 ejus
1349 747 1558 806 indicare,
1580 750 1641 797 ita

215 836 267 874 ut
292 824 412 873 omni
436 843 581 872 rerum
600 822 896 873 vicissitudini
917 861 930 883 ‚
961 825 1064 873 anni
1091 825 1220 873 etiam
1253 825 1435 874 diversis
1468 837 1639 893 tempo-

215 902 341 951 ribus
368 914 586 969 praeesset.
613 903 759 951 Locus
782 901 907 952 class.
933 903 1051 971 apud
1078 903 1212 970 Prop.
1240 903 1319 961 IV,
1347 919 1390 951 2.

280 980 483 1029 Proxime
513 979 709 1029 eamdem
744 979 804 1028 ob
838 980 1055 1029 rationem
1088 981 1144 1029 ad
1178 1001 1277 1030 eum
1307 981 1476 1029 accedit
1503 983 1639 1031 Anna

213 1058 403 1107 Perenna
416 1096 429 1115 ,
459 1057 505 1105 in
529 1057 654 1123 cujus
675 1056 788 1106 festo
810 1076 883 1107 ver
902 1095 914 1115 ‚
949 1059 1088 1107 Icelum
1110 1059 1212 1107 anni
1230 1069 1384 1125 tempus
1410 1060 1540 1125 spolio
1564 1080 1637 1108 suo

211 1135 406 1194 rediens,
427 1134 606 1203 publica
627 1134 776 1185 laetitia
800 1137 1087 1203 excipiebant.
1107 1138 1296 1187 Ovidius
1314 1137 1480 1186 multus
1498 1150 1562 1186 est
1583 1138 1636 1187 de

209 1214 429 1263 hilaritate
454 1226 498 1263 et
522 1213 684 1278 gaudio
707 1214 926 1263 interdum
952 1214 1097 1264 effuso
1116 1253 1127 1273 ‚
1155 1215 1224 1264 cui
1250 1235 1332 1265 suo
1356 1215 1497 1265 adhuc
1525 1228 1636 1265 tem-

209 1311 315 1359 pore
338 1291 536 1340 bibendo
549 1328 561 1348 ‚
585 1291 798 1356 jocando,
824 1291 1041 1340 cantando
1062 1303 1104 1340 et
1117 1291 1319 1341 saltando
1340 1292 1386 1340 in
1404 1294 1541 1341 Annae
1558 1312 1635 1341 ne-

209 1388 332 1417 more
355 1370 409 1419 ad
431 1381 612 1436 pontem
632 1368 837 1418 Milvium
858 1369 1163 1432 indulgebant.
1185 1370 1397 1427 Ovidius,
1422 1371 1500 1437 qui
1522 1371 1567 1419 iu
1585 1390 1635 1419 ea

209 1446 465 1514 explicanda
481 1446 659 1514 quidem
675 1445 849 1495 subulas
863 1446 1148 1495 alienissimus
1167 1446 1375 1496 admiscet
1391 1485 1403 1502 ‚
1429 1460 1473 1496 et
1490 1449 1535 1496 in
1550 1447 1632 1497 alia

209 1524 354 1574 omnia
377 1524 505 1581 abit,
538 1523 646 1573 alibi
676 1536 818 1573 tamen
846 1523 1078 1573 manifesto
1108 1525 1249 1593 ipsam
1272 1524 1324 1573 ad
1354 1524 1476 1572 Anni
1509 1525 1630 1573 initia

207 1602 350 1652 fausta
370 1601 506 1651 refert
537 1604 559 1667 (
584 1603 652 1650 ΠΙ
672 1639 685 1659 ,
727 1601 844 1662 145,
888 1601 976 1662 146
997 1602 1017 1667 )
1036 1639 1049 1659 ,
1081 1603 1118 1650 si
1143 1602 1321 1669 quidem
1343 1602 1446 1649 anni
1474 1603 1632 1651 veteris

208 1679 402 1747 auspicia
424 1678 539 1727 banc
563 1678 694 1727 etiam
718 1677 778 1726 ob
803 1696 977 1727 causam
1002 1698 1026 1726 a
1049 1679 1215 1727 Martio
1236 1678 1380 1746 petit,
1414 1680 1534 1747 quod
1567 1680 1628 1729 ibi

205 1760 335 1807 Anna
348 1757 545 1805 Perenna
565 1753 750 1803 colatur.
774 1755 869 1804 Nec
883 1754 986 1803 nn’lu‘
993 1755 1250 1823 pawafides
1260 1795 1272 1812 ,
1298 1775 1427 1809 annos
1445 1756 1539 1805 hinc
1554 1759 1630 1806 isse

199 1836 378 1903 priores,
404 1836 456 1883 A
458 1851 540 1882 nna
556 1831 668 1900 quod
681 1831 758 1879 boc
772 1841 906 1898 coepla
915 1842 984 1881 -est
997 1851 1128 1881 mense
1144 1832 1333 1881 Perenna
1350 1833 1452 1889 cole';
1475 1835 1520 1883 in
1542 1855 1631 1901 qua

205 1924 567 1976 argumentorum
590 1909 701 1960 serie
717 1909 894 1959 eosdem
917 1929 1017 1958 cum
1035 1911 1269 1959 Macrobio
1289 1910 1345 1974 (1
1365 1949 1377 1968 ,
1411 1929 1465 1959 12
1485 1949 1497 1970 ‚
1525 1925 1626 1980 post

208 1991 334 2056 init.)
354 1990 524 2047 sontes,
549 1987 667 2037 haud
684 1988 817 2037 dubie
836 1988 1148 2056 fastographos
1162 1989 1263 2039 illos
1279 1990 1395 2055 (vid.
1411 2011 1508 2059 sup.
1525 2011 1622 2059 pag.

205 2069 327 2131 454,
356 2069 463 2117 Exc.
488 2067 539 2132 l)
560 2066 764 2134 respexit.
796 2067 920 2115 Inter
939 2065 1049 2117 alios
1072 2068 1344 2135 antiquiores
1367 2069 1481 2118 Latii
1517 2070 1625 2119 deos

201 2158 450 2198 recensetur
472 2145 544 2195 his
573 2145 786 2194 Varronis
822 2145 1024 2195 versibus
1056 2166 1067 2195 ε
1099 2158 1141 2196 te
1170 2148 1301 2196 Anna
1332 2159 1376 2195 et
1401 2148 1622 2207 Perenna,

202 2224 352 2274 Panda
364 2227 426 2272 καὶ
439 2227 542 2272 λατω
556 2221 704 2282 Pales,
717 2221 941 2280 Nerienes,
957 2222 1167 2281 Minerva,
1187 2224 1382 2272 Fortuna
1400 2243 1448 2272 ac
1475 2225 1617 2275 Ceres.

264 2302 419 2368 Ipsum
438 2318 599 2349 nomen
622 2318 744 2366 aeque
767 2317 817 2347 ac
838 2317 969 2347 annus
992 2318 1086 2348 esse
1107 2318 1134 2348 a
1156 2298 1339 2348 notione
1364 2299 1512 2358 orbis,
1536 2302 1620 2349 cir-

199 2379 375 2438 cuitus,
408 2377 480 2428 cui
503 2396 657 2427 omnes
686 2376 776 2426 fere
807 2375 965 2445 populi
1000 2396 1163 2426 annum
1198 2375 1383 2439 similem
1417 2376 1616 2441 lingunt,

197 2477 455 2526 persuasum
488 2455 597 2506 mihi
627 2467 707 2505 est.
735 2457 911 2505 Voces.
935 2456 1094 2504 Annus
1125 2466 1169 2504 et
1190 2454 1397 2504 Annulus
1419 2455 1441 2520 (
1464 2455 1507 2503 id
1531 2470 1615 2514 est,

198 2535 390 2603 circuli)
422 2543 533 2595 ἔτος,
562 2539 731 2588 ἐνιαυτὸς
757 2544 908 2592 ΝΜ,
941 2532 1076 2591 Jahr,
1113 2552 1214 2600 year
1244 2533 1300 2582 ab
1325 2533 1507 2600 antiquo
1539 2554 1616 2601 yra

198 2618 396 2677 circuire,
410 2619 496 2683 jam
512 2631 822 2687 compararunt
835 2617 1025 2669 Bredow
1039 2630 1081 2667 et
1095 2619 1133 2664 V
1138 2619 1303 2675 ossius;
1318 2618 1392 2666 sed
1410 2631 1453 2667 et
1465 2638 1616 2669 annum

195 2697 546 2766 esseaparticula
560 2710 791 2755 vam-,ean
814 2697 858 2747 id
873 2710 960 2756 est,
980 2698 1165 2756 circum,
1178 2698 1264 2764 jam
1279 2699 1433 2747 Ateius
1453 2700 1612 2766 Capito

196 2774 312 2841 apud
337 2774 538 2825 Macrob.
563 2777 587 2823 'l
607 2813 620 2833 ,
658 2775 739 2836 14,
762 2774 1085 2826 animadvertit.
1111 2786 1155 2822 et
1178 2773 1315 2823 multa
1347 2776 1477 2824 verba
1512 2794 1611 2824 cum
