1826 3054
537 234 936 279 FASTORUM
978 234 1108 278 LIB.
1153 234 1243 277 VI.

177 330 390 379 Servierat
412 327 590 395 quidam
604 364 616 384 ,
642 325 919 393 quantolibet
941 325 1096 374 ordine
1121 324 1282 388 dignus
1296 364 1308 384 ‚

243 407 438 462 Tibure3
462 404 537 453 sed
562 403 699 466 longo
722 415 920 470 tempore
942 402 1056 451 liber
1079 414 1184 451 erat.

179 486 301 532 Rure
322 484 455 549 dapes
477 494 603 549 parat
623 481 695 531 ille
722 501 830 539 suo;
857 481 1121 548 turbamque
1146 499 1351 529 canoram

249 564 499 611 Convocat:
520 562 574 610 ad
599 562 732 611 festas
753 561 960 610 convenit
983 559 1058 609 illa
1083 560 1230 626 dapes.

182 641 281 686 Nox
303 650 419 695 erat;
447 649 490 685 et
511 638 624 686 vinis
650 637 856 704 oculique
879 636 1100 703 animique
1120 637 1361 695 natabant,

247 716 398 778 Quum
422 715 763 781 praecomposito
784 715 967 763 nuntius
989 734 1063 763 ore
1089 715 1235 763 venit:

179 793 328 858 Atque
352 792 431 848 ita,
457 793 582 856 Quid
607 812 751 842 cessas
774 792 972 841 convivia
995 793 1197 842 solvere?
1221 793 1359 852 dixit;

243 872 415 918 Auctor
439 870 642 918 vindictae
660 871 747 935 jam
770 871 914 928 venit,
936 890 1059 928 ecce,
1083 883 1182 919 tuae.

178 951 269 998 Nec
292 969 415 997 mora
444 969 452 996 :

481 949 672 997 convivae
693 948 840 997 valido
863 948 1104 997 titubantia
1125 949 1229 997 vino

245 1027 447 1075 Membra
471 1039 673 1084 movent;
699 1027 824 1075 dubii
849 1039 1055 1094 stantque
1077 1027 1316 1093 labantque
1338 1026 1488 1093 pedes.

178 1103 240 1150 At
262 1103 468 1150 dominus
484 1141 495 1160 ‚
521 1103 745 1151 Discedite
762 1141 773 1161 ‚
800 1104 886 1161 ait;
912 1103 1206 1170 plaustroque
1229 1114 1450 1151 morantes

246 1179 437 1228 Sustulit
457 1200 467 1228 :
488 1181 532 1227 in
555 1180 755 1247 plaustro
781 1182 926 1248 sirpea
953 1182 1039 1230 lata
1062 1181 1159 1230 fuit.

181 1295 379 1329 saltantium
396 1302 524 1330 coetum
541 1302 650 1331 notet.
671 1298 720 1331 At
742 1299 862 1331 ducere

182 1348 287 1382 etiam
307 1347 490 1390 dicuntur,
509 1348 567 1393 qui
585 1348 786 1393 praecedunt
801 1355 860 1383 aut

181 1400 415 1445 praeferuntur
436 1413 444 1434 :
470 1401 595 1435 Horat.
622 1400 736 1446 Epod.
761 1407 831 1435 vul
847 1426 858 1444 ‚

185 1466 196 1485 1
209 1465 219 1485 1
244 1465 252 1486 ι
270 1466 286 1481 α
304 1451 408 1486 funus
420 1458 523 1496 atque
537 1452 706 1497 imagines
717 1452 860 1488 Ducant

182 1504 407 1549 triumphales
427 1511 528 1539 tuum
540 1520 548 1546 ;
561 1520 579 1535 n
596 1505 655 1539 ubi
674 1505 752 1540 vide
775 1506 858 1541 Mit-

179 1555 359 1590 scherlich.
377 1555 486 1601 Quod
510 1557 536 1591 si
554 1557 630 1601 quis
648 1559 767 1592 choros
793 1571 860 1592 re-

177 1609 283 1643 tineri
293 1609 398 1651 velih,
412 1609 518 1655 possit
529 1610 563 1643 id
574 1610 764 1644 defendere
776 1610 861 1645 Dio-

177 1662 265 1708 nysii
278 1661 369 1708 (Vll
381 1688 390 1705 ,
404 1676 443 1707 72
454 1689 463 1706 ‚
475 1675 507 1706 p.
522 1662 623 1709 1492)
634 1663 858 1698 auctoritate:

176 1714 202 1748 is
214 1714 309 1748 enim
323 1714 427 1749 tradit
438 1741 447 1757 ,
456 1716 492 1749 in
504 1715 691 1750 illustrium
701 1715 859 1749 virorum

176 1766 356 1802 funeribus
373 1767 496 1803 vidisse
511 1781 547 1803 se
560 1770 732 1815 Satyricos
742 1771 861 1803 choros

180 1818 241 1863 qui
252 1826 370 1853 torum
382 1820 632 1865 praecederent,
645 1828 749 1866 atque
761 1821 861 1856 sicin-

180 1883 264 1904 nem
281 1871 500 1906 saltationem
516 1873 681 1908 saltarent
694 1886 701 1907 :
712 1889 862 1923 προηγου-

180 1924 284 1965 μὲνθυς
298 1930 352 1960 ‘ris
366 1928 466 1963 κλίνης
480 1928 545 1963 τοὺς
557 1928 738 1972 σκτυριστᾶς
755 1931 861 1974 χοροὺς

181 1990 367 2018 κινευμενσυς
381 1981 436 2015 τὴν
447 1981 580 2016 valvum
597 1980 735 2025 ἔρχησιπΐ
752 1990 860 2011 mox-

183 2039 250 2071 que
270 2026 386 2070 addit,
404 2035 480 2073 post
496 2028 578 2063 istos
594 2029 719 2064 choros
731 2030 861 2065 multos

181 2079 371 2113 citharistas
387 2086 422 2114 et
437 2080 564 2114 multos
581 2080 736 2115 tibicines
751 2081 861 2116 ivisse.

189 2132 223 2163 Τ
218 2144 293 2164 oros
314 2138 431 2165 tamen
452 2131 565 2166 verius
579 2139 663 2177 puto
674 2159 683 2176 ,
700 2139 735 2167 et
749 2139 862 2167 tueor.

180 2201 224 2209 —-
237 2184 341 2218 Unus
352 2183 465 2218 Vatic.
477 2183 771 2227 Duct'lsunereos‚·
787 2197 860 2218 non

179 2228 270 2271 bene
284 2249 292 2271 ε
301 2249 485 2280 supremum
493 2244 552 2271 aut
560 2242 751 2277 extremum,
764 2236 863 2282 quid-

181 2289 263 2335 quid
277 2289 319 2323 ad
328 2296 486 2324 mortuos
497 2289 648 2335 pertinet
658 2304 666 2331 ;
679 2290 862 2325 Broukhu·

179 2342 248 2376 sius
265 2341 307 2376 ad
327 2342 554 2387 Propertium
565 2368 575 2385 ‚
594 2342 611 2376 1
623 2367 634 2384 ,
658 2352 737 2375 xvn
749 2367 758 2384 ,
777 2341 829 2375 23.

229 2395 304 2443 669.
315 2395 385 2430 Hic
393 2395 565 2430 nonnulla
575 2394 768 2440 supplenda
777 2402 860 2431 sunt

191 2462 231 2483 ex
245 2448 344 2482 Livio
359 2461 368 2482 ε
388 2463 405 2478 «
421 2448 474 2483 Ut
490 2460 597 2482 nemo
608 2448 643 2481 in
655 2448 742 2482 urbe
754 2455 842 2483 esset
853 2474 863 2491 ,

192 2516 209 2531 »
223 2502 281 2546 qui
296 2501 468 2537 sacrificiis
480 2502 695 2547 praecineret.
709 2501 795 2546 Ejus
811 2502 863 2536 rei

193 2568 210 2583 κ
225 2553 344 2598 religio
355 2554 633 2589 tenuitsenatum
645 2567 653 2594 ;
663 2554 862 2599 legatosque

196 2605 334 2639 »Tibur
348 2606 540 2650 miserunt,
568 2613 607 2640 ut
626 2605 751 2640 darent
770 2619 863 2651 ope-

186 2672 203 2687 »
224 2670 300 2691 ram
314 2683 323 2700 ,
341 2664 380 2692 ut
394 2658 430 2692 hi
442 2658 604 2694 homines
616 2659 787 2693 Romanis
798 2671 863 2693 re-

185 2723 202 2739 »
223 2709 462 2744 stituerentur.
487 2725 505 2741 »
531 2711 628 2745 Tum
651 2711 830 2745 Tiburtini
851 2736 861 2755 ,

186 2760 257 2796 aliis
273 2761 401 2797 frustra
418 2762 559 2799 tentatis
571 2789 582 2808 ,
601 2762 763 2799 homines
782 2763 864 2798 vino

1540 1195 1608 1228 680

926 1304 1087 1332 oneratos
1099 1297 1264 1342 sopiunt,
1279 1303 1383 1341 atque
1399 1295 1446 1330 ita
1456 1294 1492 1329 in
1505 1294 1604 1340 plau-

925 1357 995 1384 stra
1023 1351 1199 1394 conjectos
1225 1349 1378 1383 Romam
1406 1347 1607 1392 deportant.

925 1403 996 1438 Sed
1014 1403 1118 1437 etiam
1136 1401 1344 1437 Plutarchus
1365 1401 1457 1436 dicto
1475 1400 1551 1434 loco
1569 1399 1605 1433 id

925 1454 968 1489 ad
991 1455 1174 1490 hominem
1191 1454 1382 1500 quemdam
1402 1453 1606 1488 libertinum

923 1508 1031 1543 refert
1061 1520 1069 1542 Ξ
1096 1500 1182 1556 Ᾰνὴρ
1206 1508 1393 1557 ἀπελεύθερος
1422 1509 1519 1556 xpi-ipat
1544 1512 1607 1543 τοῖς

925 1564 1073 1612 ἄρχουσιν
1100 1563 1294 1605 εἰτηγγείλατυ
1318 1560 1460 1603 κατάξειν
1489 1561 1605 1596 αὐτούς.

925 1633 968 1639 —-
987 1616 1120 1658 Dupes,
1141 1612 1259 1658 epulas
1276 1618 1354 1658 post
1371 1609 1579 1646 sacrificium
1594 1623 1603 1650 3

926 1664 1133 1699 Plutarchus
1150 1669 1278 1705 :Saimyv
1303 1666 1425 1709 ἄφθονον
1437 1688 1446 1705 ,
1469 1664 1508 1700 ὡς
1527 1667 1607 1696 τεθυ-

925 1719 983 1755 κὼς
1002 1716 1227 1755 &uk—Pro
1249 1717 1406 1749 convenit
1422 1726 1513 1747 unus
1529 1712 1606 1746 Me-

925 1768 999 1803 dice
1004 1781 1042 1803 us
1050 1774 1223 1806 convocat,
1233 1767 1328 1802 unde
1338 1766 1462 1801 Heius.
1469 1765 1608 1799 volebat

924 1823 1098 1860 convolat,
1126 1819 1220 1865 quod
1239 1819 1376 1865 egregie
1404 1817 1607 1853 aviditatem

923 1873 1121 1916 tibicinum,
1135 1873 1194 1918 qui
1206 1873 1309 1918 genio
1319 1871 1546 1906 libentissime
1557 1870 1608 1903 in-

925 1926 1104 1973 dulgeant,
1117 1925 1278 1960 ostendat
1289 1939 1297 1967 ;
1310 1925 1427 1970 itaque
1440 1931 1476 1958 et
1485 1923 1608 1968 adagio

925 1980 1066 2023 notari,
1088 1982 1264 2014 tibztinam
1289 1981 1393 2012 vitam
1415 1989 1522 2021 agere.
1550 1976 1610 2011 Sic

924 2046 1008 2068 sane
1019 2039 1055 2067 et
1063 2032 1135 2067 Liv.
1143 2032 1207 2066 hos
1217 2031 1379 2065 homines
1387 2029 1522 2064 notavit
1534 2043 1551 2058 «
1561 2028 1610 2062 vi-

925 2096 974 2118 no
986 2110 996 2126 ,
1008 2084 1107 2127 eujus
1123 2082 1264 2117 avidum
1271 2082 1382 2117 ferme
1397 2093 1507 2128 genus
1517 2087 1578 2115 est.
1591 2094 1608 2110 »

969 2135 1045 2181 676.
1062 2135 1195 2170 Auctor
1202 2136 1359 2169 ve‘ndictoe
1373 2139 1439 2169 tuoe
1449 2161 1458 2175 ‚
1480 2139 1608 2178 patro-

926 2199 1012 2229 nus,
1034 2187 1094 2231 qui
1112 2193 1147 2221 te
1168 2199 1232 2231 per
1254 2186 1443 2221 vindictam
1469 2198 1607 2220 manu-

926 2238 1042 2280 misit;
1063 2238 1271 2274 Plutarchus
1289 2251 1298 2273 ἰ
1317 2241 1356 2277 ὡς
1381 2244 1434 2274 τοῦ
1455 2239 1608 2287 τάτρωνθς

927 2295 1056 2331 ἔπιέντος
1080 2295 1173 2340 αὐτῷ.
1200 2294 1359 2327 Vindicta
1380 2298 1417 2326 et
1435 2291 1515 2326 alibi
1540 2302 1606 2336 pro

925 2344 1096 2379 libertate.
1116 2346 1196 2379 Tuae
1207 2343 1340 2379 habent
1351 2343 1513 2378 meliores
1526 2355 1536 2385 ;
1547 2354 1607 2377 cae-

927 2398 994 2434 teri
1011 2411 1091 2432 suae.

968 2450 1045 2485 680.
1058 2451 1197 2495 St'tpea,·
1220 2450 1268 2485 sic
1285 2448 1486 2484 emendavit
1501 2447 1605 2483 Nea—-

926 2502 1014 2547 polis
1026 2515 1035 2543 3
1050 2505 1193 2546 sirpeam
1207 2501 1303 2536 enim
1317 2513 1389 2536 esse
1399 2527 1409 2544 ‚
1422 2499 1516 2545 quod
1527 2499 1607 2534 col-

926 2555 1072 2600 ligatum
1098 2554 1160 2598 sit,
1186 2556 1220 2589 τὲ
1239 2555 1379 2598 dium,
1405 2559 1440 2587 et
1462 2551 1606 2597 intelligi

928 2605 1139 2651 tegiticulam
1164 2618 1184 2640 e
1202 2605 1334 2639 vimine
1357 2611 1487 2640 textam
1505 2630 1515 2647 ,
1538 2616 1607 2649 qua

926 2656 1120 2702 plaustrum
1129 2655 1384 2692 circumdatum
1405 2668 1413 2691 :
1433 2663 1537 2701 atque
1548 2668 1608 2689 re-

926 2717 1067 2755 pertum
1083 2717 1135 2746 est
1148 2710 1215 2745 hoc
1230 2710 1347 2745 vocab.
1363 2710 1401 2744 in
1418 2708 1516 2743 MSS
1529 2707 1609 2753 qui—

927 2762 1073 2798 busdam
1087 2777 1096 2807 3
1126 2762 1186 2799 sed
1212 2762 1381 2798 Heinsius
1397 2762 1525 2805 nescit,
1556 2773 1609 2794 an·
