1826 3054
190 195 277 250 504
719 196 1092 243 Excusssus

368 330 545 377 Tempore
563 330 648 366 item
665 338 762 367 een-to
778 343 915 367 roseam
933 332 1071 368 Halata
1087 344 1151 378 per
1167 343 1244 366 oras

364 396 522 433 AEtherin
540 396 715 433 Auroram
732 396 848 433 desert
860 424 871 443 ,
893 405 930 434 et
945 398 1078 434 lumina
1095 396 1216 444 pandit
1230 410 1241 439 ς

189 521 364 570 Matuta
399 532 451 569 ut
472 526 551 576 ἠὼς
589 520 843 570 Graecorum
878 520 966 569 diei
1002 518 1189 586 primam
1213 517 1354 567 lucem
1387 516 1616 580 designat,

189 597 213 661 (
230 596 295 646 die
316 597 370 647 F
364 597 503 663 rc't’he)
532 610 576 647 et
597 598 711 647 hanc
733 617 879 647 veram
901 597 1026 646 verbi
1046 597 1277 646 notionem
1303 614 1396 646 esse
1417 608 1616 659 cognatae

188 692 319 724 voces
342 688 385 724 et
409 675 793 738 grammaticorum
819 676 1070 725 testimonia
1095 674 1268 724 docent.
1293 674 1468 723 Nonius
1491 674 1615 721 Mar-

189 751 326 802 cellus
347 773 358 801 :
379 772 543 802 manum
566 753 711 804 dixere
729 752 915 812 clarum,
937 754 1055 803 unde
1078 753 1208 803 etiam
1230 771 1354 802 mane
1372 764 1478 820 post
1496 763 1617 800 tene-

187 827 294 878 bras
307 828 393 879 diei
408 829 548 896 prima
562 849 664 898 pars
677 850 688 889 3
709 830 810 880 inde
826 831 1001 899 Matuta
1011 868 1023 888 ‚
1049 849 1144 898 quae
1164 829 1328 878 Graecis
1341 827 1590 877 Leucothea
1605 848 1616 884 ;

189 917 233 954 et
251 906 462 956 Priscian.
491 908 535 957 ll
549 945 563 968 ,
587 928 687 976 pag.
720 909 807 976 591
829 946 841 968 ‚
873 909 1054 958 Putsch.
1088 910 1264 957 Matuta
1286 905 1504 970 significat
1523 907 1619 953 Au·-

188 1002 348 1034 roram.
379 986 633 1037 Matutinum
662 997 818 1055 tempus
849 986 950 1036 inde
984 986 1099 1045 dici,
1129 985 1202 1034 vix
1233 983 1504 1033 monendum
1535 994 1617 1031 est.

190 1062 330 1126 Quod
347 1063 384 1113 si
407 1064 545 1128 igitur
563 1065 655 1115 haec
677 1065 818 1134 prima
840 1065 933 1131 ejus
955 1065 1083 1114 notio
1104 1076 1196 1114 erat
1211 1102 1223 1123 ‚
1252 1076 1307 1113 ut
1323 1062 1510 1131 primam
1533 1061 1619 1112 diei

188 1139 330 1191 lucem
352 1143 601 1208 designaret
617 1182 629 1203 ‚
662 1156 707 1194 et
729 1144 831 1193 inde
853 1145 1028 1194 Matuta
1044 1182 1057 1203 ‚
1087 1143 1133 1192 id
1157 1154 1226 1193 est
1242 1180 1254 1201 ‚
1281 1141 1419 1191 lucida
1436 1181 1447 1198 ,
1482 1142 1620 1208 splen-

188 1216 315 1276 dida,
351 1219 371 1283 (
393 1232 444 1270 ut
467 1220 604 1271 solem
630 1222 772 1271 Graeci
796 1227 949 1288 φοῖὅον,
972 1221 1280 1291 splendidum,
1303 1219 1618 1288 appellabant)

189 1296 432 1358 diceretur;
465 1300 591 1351 facile
622 1302 839 1368 conjicere
872 1301 1001 1362 licet,
1026 1300 1254 1369 quomodo
1285 1318 1384 1348 cum
1416 1304 1621 1359 Λευκοθέᾳ

194 1375 445 1426 Graecorum
470 1390 737 1428 commutata
760 1379 819 1428 sit
835 1417 847 1437 ‚
873 1378 943 1428 cui
973 1377 1306 1427 commutationi
1336 1377 1457 1426 haud
1484 1375 1619 1426 dubie

189 1455 385 1504 nominis
411 1456 674 1520 significatio
699 1477 850 1507 ansam
883 1457 1133 1525 praebebat;
1167 1474 1270 1504 mox
1302 1455 1389 1504 dici
1423 1466 1618 1522 coeptum

189 1542 258 1580 est
273 1533 568 1582 Leucotheam
588 1553 688 1582 cum
704 1535 879 1584 Matuta
890 1533 1085 1582 eamdem
1100 1550 1213 1590 esse,
1234 1543 1278 1580 et
1289 1530 1452 1580 sabulae
1469 1548 1618 1594 graecae

189 1607 244 1656 de
266 1609 350 1656 Ino
371 1608 461 1657 sive
483 1610 736 1661 Leucothea
756 1609 826 1659 adv
841 1608 1047 1659 Matralia
1068 1609 1198 1657 etiam
1221 1625 1403 1656 romana
1434 1606 1616 1655 transire

188 1696 358 1734 mature
399 1698 628 1754 coeperunt
650 1723 663 1745 ‚
706 1698 759 1735 ut
796 1686 1053 1755 ceremoniae
1090 1686 1224 1752 hujus
1260 1684 1362 1734 festi
1400 1682 1618 1733 solemnes

188 1762 343 1827 (Fast.
370 1765 462 1822 Vl,
491 1764 637 1831 481),
662 1765 723 1815 ad·
741 1767 857 1815 Inus
871 1764 1066 1814 fabulam
1084 1763 1343 1814 adludentes
1361 1801 1374 1821 ‚
1400 1774 1444 1811 et
1468 1780 1617 1826 graecae

190 1841 368 1909 proprie
387 1842 571 1906 originis
594 1842 742 1910 (Plut.
765 1845 934 1909 Quaest.
954 1863 1065 1893 rom.
1094 1843 1206 1905 16),
1229 1843 1379 1910 aperte
1398 1842 1615 1910 produnt.

189 1918 303 1982 Quae
332 1918 371 1967 si
395 1921 647 1969 ceremoniae
671 1920 726 1969 ad
756 1921 902 1987 ipsum
926 1919 1125 1969 Servium
1157 1918 1309 1987 templi
1341 1918 1617 1967 conditorem

187 1993 458 2058 adsurgunt,
483 1994 767 2063 interpolatio
798 2014 934 2060 graeca
958 1996 1046 2046 hoc
1074 1997 1174 2063 ipso
1195 1996 1283 2062 (ut
1304 2014 1351 2045 re
1372 2013 1472 2044 vera
1492 1994 1619 2044 vide-

189 2072 307 2137 tur)
341 2072 567 2139 antiquior
599 2091 693 2123 esse
729 2073 872 2122 debet.
913 2073 1073 2122 Cultus
1105 2071 1373 2124 Volscorum
1407 2092 1462 2121 an
1494 2091 1618 2121 more

188 2170 328 2214 graeco
352 2150 601 2201 celebratus
621 2151 707 2209 sit,
730 2170 823 2200 non
844 2161 1043 2219 apparet.

251 2231 304 2278 In
318 2230 483 2280 sabinae
498 2229 937 2293 gentian-ominibus,
960 2228 1093 2294 hujus
1103 2228 1248 2291 gentis
1265 2239 1420 2278 auctor
1432 2227 1613 2280 Sancus.

187 2306 247 2354 ob
272 2304 484 2374 templum
507 2306 627 2373 quod
655 2306 809 2355 Romae
829 2304 1017 2362 habuit,
1048 2316 1092 2353 et
1117 2304 1259 2353 varias
1282 2305 1376 2369 ejus
1399 2304 1616 2370 interpre-

187 2382 375 2433 tationes
397 2382 567 2433 celeber
588 2396 682 2442 est;
707 2384 728 2449 (
749 2385 864 2434 Fast.
887 2385 978 2440 VI,
1007 2381 1128 2440 213,
1156 2383 1299 2448 214).
1327 2382 1396 2430 De
1422 2379 1616 2448 popula-

183 2460 297 2509 rium
321 2459 442 2510 cultu
466 2460 588 2511 locus
609 2460 798 2525 insignis
821 2459 942 2528 apud
974 2458 1054 2508 Sil.
1086 2460 1227 2517 VIII,
1253 2459 1362 2521 421.
1388 2457 1549 2514 Ibant,
1576 2469 1618 2507 e!

182 2536 275 2585 Ioeu'
285 2555 390 2603 pars
406 2537 586 2587 Sancum
607 2556 708 2587 voce
730 2536 927 2587 canebant
942 2538 1168 2587 Auctorem
1177 2536 1332 2603 gentis,
1351 2553 1455 2602 pars
1471 2534 1615 2584 laudes

182 2613 470 2681 oresesebant,
498 2614 628 2674 Sabe,
646 2625 738 2668 tuas
753 2626 834 2665 etc.
850 2612 967 2665 Coll.
987 2615 1185 2663 Lactant.
1205 2616 1248 2674 I,
1275 2626 1352 2673 xv,
1375 2615 1412 2678 §-
1433 2613 1491 2672 8;
1512 2613 1612 2680 qui,

181 2702 232 2740 ut
253 2692 451 2741 Faunum
474 2690 640 2749 latinae,
664 2691 904 2756 Quirinum
924 2710 1136 2750 romanae,
1161 2691 1220 2741 ita
1240 2691 1430 2740 Sancum
1450 2690 1613 2740 sabinae
