1826 3054
246 226 336 282 446

619 229 669 273 Ρ.
703 228 939 275 OVIDII
974 230 1280 276 NASOMS

309 321 370 368 Et
390 321 566 383 gemino
589 340 722 370 nexas
743 323 935 389 porrigit
959 344 1099 387 angue
1124 345 1290 374 manus.

246 397 392 446 Notus
416 416 542 446 amor
564 398 779 457 Phaedrae,
804 412 909 448 nota
934 412 1000 449 est
1024 402 1182 467 injuria
1206 402 1391 451 Thesei:

313 476 505 523 Devovit
528 487 679 525 natum
705 477 909 526 credulus
929 478 1000 526 ille
1027 498 1169 527 suum.

245 552 347 600 Non
370 553 550 620 impune
577 555 676 621 pius
696 555 868 619 juvenis
888 558 928 604 T
931 575 1099 605 roezena
1122 558 1323 624 petebat:

309 631 482 679 Dividit
505 632 734 681 obstantes
756 646 933 700 pectore
958 646 1111 683 taurus
1134 654 1284 701 aquas.

245 707 432 758 Solliciti
459 721 675 759 terrentur
696 712 823 777 equi;
846 711 1095 778 frustraque
1120 714 1306 771 retenti,

310 788 395 835 Per
413 788 624 854 scopulos
650 788 880 837 dominum
902 789 1099 856 duraque
1124 809 1225 839 saxa
1250 790 1442 839 trahunt.

244 864 478 913 Exciderat
501 884 631 913 curru
649 903 660 922 ,
687 865 882 932 lorisque
905 867 1183 916 morantibus
1207 880 1329 917 artus

310 940 587 1008 Hippolytus
611 941 751 990 lacero
777 961 962 1009 corpore
986 955 1138 1009 raptus
1160 956 1279 1001 erat;

245 1017 547 1084 Edideratque
568 1018 755 1066 animam
770 1056 781 1076 ‚
806 1019 995 1068 multum
1018 1021 1276 1083 indignante
1299 1022 1453 1070 Diana.
1604 1035 1669 1080 745

309 1093 469 1152 Nulla,
496 1096 767 1153 CoronideS‚
794 1116 922 1145 causa
944 1096 1138 1154 doloris,
1167 1098 1250 1146 ait:

240 1172 444 1238 Namque
467 1172 543 1239 pio
566 1174 717 1239 juveni
736 1174 869 1223 vitam
892 1175 984 1223 sine
1010 1174 1189 1224 vulnere
1214 1175 1416 1232 red(lam;

306 1253 366 1300 Et
391 1252 546 1301 cedent
568 1252 652 1301 arti
678 1253 818 1302 tristia
841 1252 929 1302 sata
951 1273 1069 1302 meae.

245 1328 454 1378 Gramina
478 1330 690 1379 continuo
717 1330 876 1380 loculis
898 1332 1121 1398 depromit
1144 1332 1353 1380 eburnis:

305 1407 570 1458 Profuerant
595 1407 750 1456 Glauci
776 1409 989 1457 Manibus
1015 1409 1087 1457 illa
1109 1409 1261 1475 prius:

1603 1426 1669 1472 730

241 1485 370 1533 Tunc
386 1523 398 1543 ‚
424 1505 560 1552 quum
585 1485 837 1534 observatas
860 1506 1002 1550 augur
1025 1486 1248 1534 deseendit
1273 1487 1317 1533 in
1341 1486 1520 1542 herbas,

239 1587 378 1623 adflavit
397 1588 509 1623 ventis
523 1615 532 1631 ,
553 1603 571 1618 ›-
589 1589 684 1624 unde
708 1602 811 1625 causa
832 1589 920 1625 illius

238 1641 423 1676 locutionis
446 1649 597 1687 apparet.

285 1694 358 1738 737.
370 1692 424 1727 De
438 1693 633 1742 Hippolyto
644 1694 722 1729 vide
738 1694 791 1730 ΠΙ
805 1721 814 1738 ,
832 1695 893 1729 265
910 1709 918 1737 ;

240 1745 307 1779 XV
326 1744 472 1780 Metam.
488 1747 551 1793 497
574 1749 835 1792 sqq.—Phaedra
853 1760 921 1782 no-

238 1808 338 1831 verca
350 1823 360 1840 ,
378 1809 488 1842 quum
505 1810 578 1832 non
600 1805 715 1843 posset
736 1799 920 1846 Hippoly-

239 1854 315 1882 tum
333 1848 375 1883 ad
397 1849 614 1885 voluntatem
630 1863 728 1885 suam
745 1850 918 1896 perduce-

240 1914 296 1943 re,
315 1900 436 1935 incesti
460 1902 570 1948 stupri
596 1915 678 1937 eum
697 1903 919 1939 insimulavit.

244 1956 394 1990 Theseus
406 1963 504 2001 pater
517 1955 680 1991 credulus
692 1956 918 1991 innocentem

238 2008 349 2042 lilium
373 2009 407 2043 in
433 2009 589 2044 exsilium
610 2010 743 2055 abegit,
774 2010 917 2055 Neptu-

239 2073 398 2105 numque
416 2061 546 2104 oravit,
573 2069 610 2096 ut
635 2075 717 2096 eum
741 2062 920 2097 interlice-

239 2120 303 2147 ret.
332 2115 418 2148 Pius
448 2114 584 2158 juvenis
613 2128 722 2161 quum
762 2117 920 2151 Troezeua

238 2172 391 2211 peteret,
417 2166 475 2200 ubi
503 2167 684 2210 Pittheus,
707 2168 796 2213 apud
812 2182 918 2213 quem

238 2216 404 2252 educatus
419 2224 507 2260 erat,
521 2219 701 2263 regnabat,
714 2220 748 2254 in
761 2219 838 2254 sinu
854 2220 919 2254 Sa-

238 2269 358 2303 ronico
388 2268 513 2304 nucius
538 2270 752 2306 decumanus
770 2278 915 2312 taurum,

238 2328 437 2356 monstrum
456 2323 627 2366 immane,
646 2324 832 2368 protrusit,
850 2338 919 2371 quo

240 2376 311 2409 viso
323 2376 535 2410 consternati
545 2377 715 2421 suntequi
728 2403 736 2420 ,
750 2377 918 2422 aurigam-

239 2442 305 2473 que
325 2442 429 2463 suum
454 2439 560 2464 curru
583 2442 764 2465 excussum
790 2443 917 2476 rapue-

238 2488 321 2515 runt
336 2507 345 2522 ,
362 2481 520 2527 raptique
539 2482 697 2516 membra
718 2481 807 2517 soede
829 2483 918 2517 lace-

239 2535 550 2570 rurant—Versus
560 2537 633 2570 Non
639 2539 800 2580 thpune...
812 2550 918 2581 aquas

242 2586 362 2621 lleins.
374 2588 508 2632 spurios
518 2586 661 2632 judicat,
673 2589 917 2633 respuitetiam

239 2637 448 2673 Taubnerus
466 2653 473 2673 ι
499 2638 559 2673 sed
586 2639 753 2675 lleinzius
770 2641 805 2675 in
823 2641 918 2686 Opp.

239 2703 313 2735 pag.
335 2692 420 2734 238,
437 2690 611 2729 defendit.
629 2693 709 2737 quia
735 2693 774 2727 iis
797 2692 919 2729 deletis

240 2742 344 2778 nimis
363 2742 509 2789 abrupta
525 2743 615 2780 foret
634 2746 796 2782 narratio.
816 2745 918 2781 neii-

988 1589 1123 1625 nendos
1139 1602 1198 1624 eos
1214 1590 1347 1635 putavit
1362 1590 1467 1624 etiam
1482 1590 1666 1626 Mituhor-

986 1640 1127 1677 lichius:
1145 1654 1252 1675 uncos
1261 1641 1355 1675 enini
1367 1642 1501 1676 sustulit
1512 1667 1521 1682 ‚
1542 1642 1666 1687 quibus

987 1694 1108 1728 inclusi
1120 1702 1220 1729 erant
1231 1694 1272 1728 ab
1286 1694 1442 1729 Heinsio.
1456 1695 1594 1729 Primus
1607 1708 1666 1729 eos

986 1746 1116 1791 recepit
1129 1745 1322 1791 Naugerius
1338 1746 1372 1781 in
1392 1754 1565 1793 postrema
1582 1747 1666 1781 edit.

985 1813 1026 1835 ex
1043 1813 1107 1834 suo
1121 1799 1196 1834 cod.
1210 1800 1353 1835 Exstant
1370 1800 1474 1835 etiam
1495 1801 1528 1835 in
1545 1801 1666 1835 Ursini

986 1857 1021 1885 et
1033 1850 1168 1885 duobus
1182 1852 1416 1886 putam—Pro
1426 1859 1586 1886 terrentur
1598 1852 1666 1886 [Αε-

986 1904 1010 1939 ti
1025 1904 1099 1939 cod.
1116 1908 1306 1945 larbanlur.
1327 1912 1364 1939 ut
1382 1906 1447 1940 XV
1465 1906 1552 1941 Met.
1569 1909 1641 1950 5¹7·

1027 1959 1099 2001 745.
1109 1959 1226 1991 Diana
1237 1958 1395 2003 inprimis
1405 1957 1664 2003 indignabatur,

984 2022 1090 2054 quam
1106 2010 1316 2058 Hippolytus
1332 2017 1367 2045 et
1380 2010 1496 2045 studio
1513 2012 1664 2046 venandi

985 2068 1021 2095 et
1037 2061 1232 2107 virginitate
1252 2063 1416 2097 coluerat.
1437 2063 1555 2109 ltaque
1572 2063 1663 2109 apud

987 2115 1190 2162 Hyginum,
1210 2116 1275 2150 sab.
1287 2119 1363 2158 251.
1378 2117 1483 2151 etiam
1495 2120 1666 2152 uoluntate

985 2169 1110 2202 Dae'anae
1133 2168 1169 2202 in
1198 2169 1304 2203 vitam
1329 2168 1428 2203 redit.
1445 2188 1487 2194 —
1502 2170 1667 2203 Iz'dtiiemt

987 2222 1213 2257 Burmannus
1224 2237 1243 2257 e
1257 2222 1473 2257 Francofurt.
1491 2223 1638 2268 pretulit
1653 2250 1661 2263 ,

985 2275 1065 2320 quia
1074 2277 1210 2309 reddam
1220 2276 1394 2320 sequitur;
1416 2275 1661 2310 Mitsclierlirli.

985 2327 1158 2361 revocavit
1172 2329 1379 2365 reddiderat.
1399 2326 1491 2371 quod
1508 2340 1588 2360 sane
1609 2340 1663 2362 re-

986 2379 1069 2423 liqui
1086 2392 1210 2413 omnes
1232 2386 1383 2414 tuentur.
1399 2398 1441 2404 —
1458 2380 1637 2413 commun
1648 2408 1655 2415 .

986 2431 1203 2477 AEscnlapius
1215 2458 1224 2474 ,
1251 2430 1418 2477 Apollinis
1437 2438 1471 2465 et
1487 2433 1661 2466 aronam

983 2481 1094 2521 filiun
1112 2483 1146 2517 ΙΙ
1162 2483 1308 2517 Metam.
1325 2483 1382 2517 53·
1401 2509 1410 2525 ,
1429 2483 1493 2516 6ιῦ
1508 2497 1580 2528 sqq.

1030 2536 1195 2581 75¹·752·
1223 2536 1301 2571 noc
1323 2548 1462 2580 quoque
1487 2536 1657 2572 distichon

986 2586 1153 2622 Heinsius
1171 2587 1360 2622 delendum
1379 2589 1560 2630 censebat,
1580 2590 1660 2634 quia

982 2653 1102 2675 sensus
1125 2639 1206 2675 inde
1230 2639 1435 2674 commodus
1456 2654 1527 2675 non
1548 2650 1661 2686 posset

983 2694 1057 2729 elici
1074 2709 1081 2734 ;
1099 2694 1208 2728 immo
1222 2701 1331 2739 potest
1350 2706 1356 2727 :
1375 2696 1526 2729 Glaucus
1541 2695 1635 2728 enim
1649 2721 1658 2736 ,

985 2745 1117 2782 Minois
1131 2745 1221 2781 filius
1234 2772 1243 2788 ,
1262 2745 1296 2780 in
1313 2745 1445 2780 dolium
1464 2747 1565 2781 melle
1586 2746 1659 2792 pte-
