1826 3054
497 255 568 299 IN
602 253 855 297 OVIDII
887 253 1183 298 FASTOS.
1467 255 1551 310 483

138 348 254 396 blice
278 348 485 414 expositae
504 357 550 394 et
572 345 723 394 adfixae
745 356 869 394 erant
888 344 1037 411 (unde
1057 349 1395 413 παραπῆγματα),
1420 359 1483 405 et,
1508 360 1558 396 ut

141 445 164 474 e
184 427 364 474 Theone
392 430 403 449 ¹
428 423 601 472 videtur
618 461 630 481 ,
653 442 745 471 non
769 421 1041 486 singulorum
1073 434 1243 471 tantum
1269 424 1346 472 sed
1374 424 1557 472 undevi-

143 503 255 565 ginti
278 519 514 556 annorum,
542 500 618 566 qui
641 499 811 566 cyclum
840 499 925 548 sub
949 499 1143 548 Metonis
1170 500 1348 548 nomine
1375 501 1559 549 circum—

146 581 285 630 latum
308 579 552 628 efficiebant
572 590 893 646 ‚tempestates
916 578 1133 627 sideribus
1156 579 1248 627 suis
1272 579 1561 642 adsignabant

145 670 190 707 et
211 656 516 724 praedicebant.
546 682 594 692 -
626 655 831 703 Servatus
854 655 983 704 etiam
1007 667 1100 704 erat
1121 675 1241 709 mos,
1265 656 1310 704 in
1334 658 1563 723 praeceptis

146 733 323 782 rusticis
351 730 626 795 singulorum
649 731 926 794 negotiorum
956 744 1155 799 tempora
1188 751 1279 780 non
1310 732 1365 780 ad
1395 750 1565 781 menses

149 830 387 877 eorumque
406 810 522 867 dies,
535 809 614 858 sed
631 809 685 857 ad
705 809 895 858 siderum
913 821 1038 858 ortus
1053 821 1096 858 et
1117 828 1297 858 occasus
1310 811 1567 877 praecipere‚

151 901 195 936 et
213 900 452 955 postquam
472 886 625 934 rustici
649 886 696 933 in
717 886 817 953 ipso
841 885 946 935 caelo
970 887 1200 936 observare
1219 887 1464 944 desierant,
1487 888 1570 936 ha-

151 986 248 1015 rum
275 964 523 1014 tabularum
545 982 629 1030 ope
650 963 840 1028 cujusvis
858 963 1015 1012 sideris
1033 975 1156 1012 ortus
1178 975 1224 1012 et
1245 983 1427 1023 occasus
1446 983 1571 1031 repe—

152 1044 352 1099 riebant,
387 1054 430 1090 et
452 1041 507 1089 ad
529 1041 693 1090 mensis
720 1040 813 1088 dies
838 1040 1099 1089 referebant.
1127 1040 1390 1089 Observatio
1417 1042 1572 1090 harum

155 1119 404 1169 tabularum
418 1157 431 1176 ,
455 1119 537 1167 etsi
557 1137 648 1165 non
667 1117 866 1181 rigorosa
880 1155 893 1175 ‚
926 1129 1069 1165 tamen
1094 1136 1208 1183 saepe
1231 1130 1430 1167 accurata
1453 1132 1543 1168 erat
1559 1159 1571 1175 ‚

155 1210 206 1246 ut
222 1199 310 1263 jam
321 1196 506 1245 Pfaffius
526 1202 542 1221 ²
555 1196 750 1254 monuit,
777 1195 855 1262 qui
878 1195 1007 1242 etiam
1028 1194 1188 1242 criticae
1202 1213 1285 1260 ope
1299 1195 1347 1243 in
1368 1208 1576 1245 contextu

157 1286 516 1340 parapegmatum
534 1271 756 1321 interdum
780 1282 992 1338 corrupto
1015 1271 1239 1318 veritatem
1260 1273 1577 1321 restituendam

159 1368 252 1398 esse
270 1349 434 1398 docuit.

224 1426 329 1473 Duo
350 1436 456 1473 sunt
470 1423 650 1488 antiqua
667 1433 975 1489 parapegmata
987 1438 1155 1483 maguae
1167 1416 1466 1480 auctoritatis,
1485 1441 1580 1489 quae

160 1503 487 1551 observationes
508 1500 690 1549 illorum
712 1511 1070 1549 astronomorum
1086 1536 1099 1557 ‚
1123 1498 1301 1546 nomine
1316 1499 1583 1566 ‚plerumque

161 1580 439 1629 laudatorum
451 1616 465 1636 ‚
489 1578 622 1626 nobis
641 1589 882 1626 servarunt-
896 1576 1106 1624 ·Alterum
1127 1588 1195 1624 est
1209 1576 1434 1626 Ptolemaei
1455 1580 1586 1643 (Pe-

164 1659 269 1707 tavii
307 1655 550 1717 Uranolog.
588 1673 689 1720 pag.
720 1655 786 1719 94
803 1654 825 1717 )
841 1690 854 1710 ,
893 1665 937 1701 et
955 1653 1213 1702 inscribitur
1244 1664 1381 1719 φάσεις
1406 1661 1587 1706 ἀπλανῶν

166 1745 424 1801 ἐπισημασιῶν
442 1772 454 1792 ,
487 1733 557 1782 vel
580 1741 711 1798 φάσεις
740 1736 921 1781 ἀπλανῶν
944 1736 1007 1779 καὶ
1029 1738 1274 1795 επισημασίαι
1300 1772 1313 1792 ,
1347 1737 1469 1802 quod
1494 1738 1584 1803 iam

169 1834 192 1862 a
205 1813 341 1862 Suida
358 1811 574 1861 laudatur.
590 1807 787 1872 Singulis
800 1808 1016 1857 mensium
1035 1808 1194 1858 diebus
1208 1822 1332 1859 ortus
1347 1824 1390 1859 et
1408 1831 1590 1861 occasus

172 1910 223 1939 ex
254 1890 476 1938 variorum
505 1886 762 1936 auctoritate
797 1905 896 1934 cum
935 1891 1203 1949 ἐπισημασίαις
1236 1888 1470 1951 adsignat3
1495 1890 1591 1940 -hoc

176 1980 317 2016 tamen
343 1966 574 2032 proprium
597 1964 732 2011 habet
755 2002 767 2020 ‚
802 1964 922 2029 quod
948 1959 1001 2011 et
1037 1964 1240 2012 scholion
1273 1966 1436 2015 indicat
1458 2005 1470 2026 ‚
1503 1987 1592 2016 non

217 2086 230 2104 ¹
255 2082 358 2118 Theo
374 2080 417 2116 ad
434 2080 534 2115 Arati
549 2079 672 2114 Phaen.
684 2083 713 2115 οἱ
727 2083 758 2114 δὲ
773 2081 852 2123 μετὰ
916 2093 942 2115 s.
959 2082 1020 2124 48,
1039 2088 1164 2125 quarto
1183 2095 1323 2128 quoque
1339 2071 1434 2118 anno
1454 2084 1595 2120 easdem

176 2138 303 2172 Μέτωνα
326 2135 506 2183 ἄστρπέμπ
525 2137 578 2166 καὶ
597 2137 724 2169 πίνακας
741 2133 770 2165 ἕν
787 2138 854 2169 ταῖς
917 2131 1032 2166 redire
1049 2145 1091 2166 ex
1109 2132 1258 2168 Eudoxo
1279 2135 1396 2169 tradit
1417 2135 1595 2171 Omnium

178 2191 280 2222 sulm
296 2190 402 2226 ῒῆηιαν
424 2191 491 2233 περὶ
511 2191 571 2219 τῶν
591 2191 642 2218 τοῦ
668 2186 751 2223 fiio»
766 2198 852 2231 κεμ-

180 2246 273 2290 ῗορῶν
301 2245 360 2273 τῶν
395 2238 748 2283 ἕννεακαιδειαετηρὶδων
768 2260 778 2276 ,
808 2237 855 2269 ὅτι

179 2291 244 2326 καθ’
258 2294 380 2325 zum„
398 2290 530 2323 ἔνιαπόν
547 2290 666 2322 retain}
683 2290 769 2321 ’ἔσται
788 2302 856 2330 χει-

181 2347 247 2387 μῶν
259 2368 270 2386 ,
282 2349 335 2378 xxi
348 2344 461 2376 τσιᾶνόε
478 2344 529 2388 ἔαρ
538 2365 548 2382 ,
562 2345 615 2374 122
625 2341 739 2373 rui-26}
747 2341 835 2386 θέρος
845 2363 855 2381 ,

182 2401 234 2430 aaz
253 2398 366 2430 rui-aess-
392 2397 568 2441 ,εθινέι-ωμν
589 2397 641 2425 καὶ
660 2396 768 2426 :unies
788 2393 859 2424 ‹hc-

184 2463 237 2491 μιι
252 2452 303 2481 καὶ
321 2448 415 2480 εελὶιὲ
426 2447 495 2493 κίεὲς
506 2449 664 2490 βιωῗελεὶς
682 2448 786 2490 χρείας
798 2450 860 2481 τοῖς

186 2500 357 2547 ἁνθρῶεης.
374 2497 413 2532 Si
424 2497 520 2531 enim
528 2495 720 2530 accuratius
729 2507 860 2540 quaere-

186 2558 285 2586 retur
295 2577 304 2592 ,
321 2550 580 2584 undevicesimo
592 2561 731 2594 quoque
746 2561 839 2583 anno
849 2574 859 2591 ,

188 2615 259 2648 quo
275 2602 430 2636 Metonis
451 2601 566 2648 cyclus
589 2600 727 2644 incoepit
745 2627 754 2642 ,
780 2611 861 2634 cum

190 2654 313 2688 iisdem
332 2653 463 2687 ortibus
480 2652 620 2687 easdem
643 2658 863 2696 tempestates

191 2705 306 2740 redire
326 2704 527 2739 eredebant.
548 2704 696 2739 Brevius
714 2704 865 2749 spatium

193 2771 328 2804 ponens
340 2757 431 2793 Plin.
443 2757 596 2801 xvm,
611 2770 636 2791 s.
654 2759 708 2802 57,
724 2755 797 2791 coll.
807 2755 843 2790 11
854 2782 864 2798 ,

917 2184 946 2219 si
956 2184 1041 2219 libet
1049 2188 1204 2220 nimbos
1212 2187 1362 2222 ambitus
1371 2213 1382 2231 ,
1396 2188 1511 2232 redire
1528 2203 1599 2226 eas-

919 2235 1002 2270 dem
1021 2236 1112 2271 vices
1129 2237 1361 2282 quadriennio
1383 2247 1502 2274 exacto
1522 2241 1598 2275 Eu-

920 2286 1028 2322 doxus
1041 2295 1139 2333 putat
1149 2315 1159 2332 ‚
1178 2301 1253 2323 non
1270 2297 1458 2325 ventorum
1471 2292 1598 2335 modo,

922 2352 1046 2374 verum
1054 2339 1268 2386 reliquarum
1275 2348 1526 2388 tempestatum
1531 2357 1602 2379 ma-

924 2405 992 2437 gna
1002 2405 1043 2426 ex
1056 2399 1153 2437 parte
1164 2406 1173 2433 ;
1185 2393 1281 2427 conf.
1291 2392 1502 2438 Columella,
1513 2395 1603 2430 libro

925 2443 982 2479 111
997 2470 1007 2487 ,
1027 2455 1065 2477 v1
1076 2470 1085 2487 ,
1105 2443 1135 2488 S.
1152 2446 1183 2487 4.

969 2497 985 2515 ²
1012 2497 1056 2530 In
1086 2496 1176 2530 libro
1201 2497 1370 2544 egregio,
1406 2511 1483 2543 quo·
1506 2501 1603 2534 omni

927 2548 1009 2582 huic
1020 2556 1229 2593 argumento
1240 2549 1402 2594 preclare
1418 2551 1531 2586 lucem
1547 2552 1604 2586 ad-

929 2602 1008 2636 tulit
1024 2613 1034 2635 ·.
1052 2603 1108 2635 De
1127 2605 1253 2637 ortibus
1269 2608 1304 2637 el
1318 2607 1495 2638 occasibus
1514 2608 1587 2640 side

928 2666 999 2686 nm
1015 2654 1111 2696 apud
1121 2659 1273 2688 auctam
1287 2657 1452 2689 clas-Icus
1462 2654 1606 2690 &onme-

930 2707 1068 2737 moratis
1077 2704 1108 2737 C
1104 2708 1324 2748 ammentum,
1331 2708 1365 2740 G
1366 2710 1500 2751 attinge
1511 2721 1522 2740 ι
1530 2707 1591 2752 786
1595 2732 1607 2749 ,

930 2759 1068 2798 premio
1084 2763 1212 2791 ornata.
