<?xml version="1.0" encoding="UTF-8"?>
<!DOCTYPE html PUBLIC "-//W3C//DTD XHTML 1.0 Transitional//EN"
    "http://www.w3.org/TR/xhtml1/DTD/xhtml1-transitional.dtd">
<html xmlns="http://www.w3.org/1999/xhtml" xml:lang="en" lang="en">
 <head>
  <title>
</title>
<meta http-equiv="Content-Type" content="text/html;charset=utf-8" />
  <meta name='ocr-system' content='tesseract 3.04.00' />
  <meta name='ocr-capabilities' content='ocr_page ocr_carea ocr_par ocr_line ocrx_word'/>
</head>
<body>
  <div class='ocr_page' id='page_1' title='image "./quaeextantomniao06oviduoft_0338.png"; bbox 0 0 1826 3054; ppageno 0'>
   <div class='ocr_carea' id='block_1_1' title="bbox 241 211 331 268">
    <p class='ocr_par' dir='ltr' id='par_1_1' title="bbox 241 211 331 268">
     <span class='ocr_line' id='line_1_1' title="bbox 241 211 331 268; baseline -0.011 -11"><span class='ocrx_word' id='word_1_1' title='bbox 241 211 331 268; x_wconf 72' lang='lat'>324</span> 
     </span>
    </p>
   </div>
   <div class='ocr_carea' id='block_1_2' title="bbox 619 214 1284 263">
    <p class='ocr_par' dir='ltr' id='par_1_2' title="bbox 619 214 1284 263">
     <span class='ocr_line' id='line_1_2' title="bbox 619 214 1284 263; baseline 0.008 -5"><span class='ocrx_word' id='word_1_2' title='bbox 619 215 671 258; x_wconf 88' lang='lat' dir='ltr'>P.</span> <span class='ocrx_word' id='word_1_3' title='bbox 709 214 946 260; x_wconf 86' lang='lat' dir='ltr'>olen</span> <span class='ocrx_word' id='word_1_4' title='bbox 978 216 1284 263; x_wconf 77' lang='lat' dir='ltr'><strong>NASOMS</strong></span> 
     </span>
    </p>
   </div>
   <div class='ocr_carea' id='block_1_3' title="bbox 235 306 1666 905">
    <p class='ocr_par' dir='ltr' id='par_1_3' title="bbox 235 306 1666 905">
     <span class='ocr_line' id='line_1_3' title="bbox 235 306 1655 378; baseline 0.005 -22"><span class='ocrx_word' id='word_1_5' title='bbox 235 307 345 357; x_wconf 88' lang='lat' dir='ltr'>Jura</span> <span class='ocrx_word' id='word_1_6' title='bbox 368 306 501 357; x_wconf 85' lang='lat' dir='ltr'>dabat</span> <span class='ocrx_word' id='word_1_7' title='bbox 520 307 690 377; x_wconf 89' lang='lat' dir='ltr'>populo</span> <span class='ocrx_word' id='word_1_8' title='bbox 714 310 892 359; x_wconf 88' lang='lat' dir='ltr'>senior:</span> <span class='ocrx_word' id='word_1_9' title='bbox 911 309 1121 378; x_wconf 83' lang='lat' dir='ltr'>finitaque</span> <span class='ocrx_word' id='word_1_10' title='bbox 1144 313 1274 362; x_wconf 90' lang='lat' dir='ltr'>certis</span> <span class='ocrx_word' id='word_1_11' title='bbox 1610 331 1655 366; x_wconf 67' lang='grc' dir='ltr'>σῖ,</span> 
     </span>
     <span class='ocr_line' id='line_1_4' title="bbox 306 386 1263 455; baseline 0.004 -20"><span class='ocrx_word' id='word_1_12' title='bbox 306 386 502 449; x_wconf 75' lang='lat' dir='ltr'>Legibus</span> <span class='ocrx_word' id='word_1_13' title='bbox 525 398 593 436; x_wconf 86' lang='lat' dir='ltr'>est</span> <span class='ocrx_word' id='word_1_14' title='bbox 614 399 717 436; x_wconf 82' lang='lat' dir='ltr'>aetas</span> <span class='ocrx_word' id='word_1_15' title='bbox 730 424 743 445; x_wconf 88' lang='lat'>‚</span> <span class='ocrx_word' id='word_1_16' title='bbox 767 387 885 437; x_wconf 88' lang='lat' dir='ltr'>unde</span> <span class='ocrx_word' id='word_1_17' title='bbox 906 399 1085 455; x_wconf 88' lang='lat' dir='ltr'>petatur</span> <span class='ocrx_word' id='word_1_18' title='bbox 1103 389 1263 439; x_wconf 83' lang='lat' dir='ltr'>honos.</span> 
     </span>
     <span class='ocr_line' id='line_1_5' title="bbox 237 464 1380 537; baseline 0.005 -24"><span class='ocrx_word' id='word_1_19' title='bbox 237 465 298 513; x_wconf 85' lang='lat' dir='ltr'>Et</span> <span class='ocrx_word' id='word_1_20' title='bbox 319 464 490 514; x_wconf 90' lang='lat' dir='ltr'>medius</span> <span class='ocrx_word' id='word_1_21' title='bbox 509 465 717 531; x_wconf 89' lang='lat' dir='ltr'>juvenum</span> <span class='ocrx_word' id='word_1_22' title='bbox 732 502 744 524; x_wconf 95' lang='lat'>,</span> <span class='ocrx_word' id='word_1_23' title='bbox 770 483 860 514; x_wconf 92' lang='lat' dir='ltr'>non</span> <span class='ocrx_word' id='word_1_24' title='bbox 884 465 1222 529; x_wconf 73' lang='lat' dir='ltr'>indignantibus</span> <span class='ocrx_word' id='word_1_25' title='bbox 1245 468 1380 537; x_wconf 87' lang='lat' dir='ltr'>ipsis,</span> 
     </span>
     <span class='ocr_line' id='line_1_6' title="bbox 303 542 1226 600; baseline 0.003 -8"><span class='ocrx_word' id='word_1_26' title='bbox 303 543 429 600; x_wconf 81' lang='lat' dir='ltr'>lbat;</span> <span class='ocrx_word' id='word_1_27' title='bbox 453 554 496 592; x_wconf 89' lang='lat' dir='ltr'>et</span> <span class='ocrx_word' id='word_1_28' title='bbox 520 542 730 600; x_wconf 87' lang='lat' dir='ltr'>interior,</span> <span class='ocrx_word' id='word_1_29' title='bbox 754 542 791 592; x_wconf 88' lang='lat' dir='ltr'>si</span> <span class='ocrx_word' id='word_1_30' title='bbox 815 561 962 592; x_wconf 88' lang='lat' dir='ltr'>comes</span> <span class='ocrx_word' id='word_1_31' title='bbox 983 563 1100 593; x_wconf 89' lang='lat' dir='ltr'>unus</span> <span class='ocrx_word' id='word_1_32' title='bbox 1121 557 1226 595; x_wconf 83' lang='lat' dir='ltr'>erat.</span> 
     </span>
     <span class='ocr_line' id='line_1_7' title="bbox 238 618 1354 686; baseline 0.004 -19"><span class='ocrx_word' id='word_1_33' title='bbox 238 619 382 669; x_wconf 86' lang='lat' dir='ltr'>Verba</span> <span class='ocrx_word' id='word_1_34' title='bbox 408 619 508 686; x_wconf 87' lang='lat' dir='ltr'>quis</span> <span class='ocrx_word' id='word_1_35' title='bbox 531 618 710 667; x_wconf 83' lang='lat' dir='ltr'>auderet</span> <span class='ocrx_word' id='word_1_36' title='bbox 734 637 881 668; x_wconf 88' lang='lat' dir='ltr'>coram</span> <span class='ocrx_word' id='word_1_37' title='bbox 905 638 1009 669; x_wconf 91' lang='lat' dir='ltr'>sene</span> <span class='ocrx_word' id='word_1_38' title='bbox 1030 619 1165 683; x_wconf 81' lang='lat' dir='ltr'>digna</span> <span class='ocrx_word' id='word_1_39' title='bbox 1189 621 1354 671; x_wconf 82' lang='lat' dir='ltr'>rubore</span> 
     </span>
     <span class='ocr_line' id='line_1_8' title="bbox 302 696 1666 762; baseline 0.003 -15"><span class='ocrx_word' id='word_1_40' title='bbox 302 699 494 747; x_wconf 84' lang='lat' dir='ltr'>Dicere?</span> <span class='ocrx_word' id='word_1_41' title='bbox 518 716 743 746; x_wconf 81' lang='lat' dir='ltr'>censuram</span> <span class='ocrx_word' id='word_1_42' title='bbox 767 696 899 762; x_wconf 82' lang='lat' dir='ltr'>longa</span> <span class='ocrx_word' id='word_1_43' title='bbox 923 710 1096 748; x_wconf 78' lang='lat' dir='ltr'>senecta</span> <span class='ocrx_word' id='word_1_44' title='bbox 1118 699 1263 749; x_wconf 83' lang='lat' dir='ltr'>dabat.</span> <span class='ocrx_word' id='word_1_45' title='bbox 1623 732 1666 762; x_wconf 72' lang='lat'>50</span> 
     </span>
     <span class='ocr_line' id='line_1_9' title="bbox 238 772 1382 842; baseline 0.001 -18"><span class='ocrx_word' id='word_1_46' title='bbox 238 773 456 824; x_wconf 84' lang='lat' dir='ltr'>Romulus</span> <span class='ocrx_word' id='word_1_47' title='bbox 479 774 566 822; x_wconf 88' lang='lat' dir='ltr'>hoc</span> <span class='ocrx_word' id='word_1_48' title='bbox 588 773 727 830; x_wconf 78' lang='lat' dir='ltr'>vidit;</span> <span class='ocrx_word' id='word_1_49' title='bbox 754 772 1003 841; x_wconf 80' lang='lat' dir='ltr'>selectaque</span> <span class='ocrx_word' id='word_1_50' title='bbox 1025 786 1207 842; x_wconf 83' lang='lat' dir='ltr'>pectora</span> <span class='ocrx_word' id='word_1_51' title='bbox 1230 777 1382 825; x_wconf 79' lang='lat' dir='ltr'>Patres</span> 
     </span>
     <span class='ocr_line' id='line_1_10' title="bbox 303 852 1295 905; baseline 0.001 -3"><span class='ocrx_word' id='word_1_52' title='bbox 303 854 427 903; x_wconf 85' lang='lat' dir='ltr'>Dixit</span> <span class='ocrx_word' id='word_1_53' title='bbox 447 873 457 902; x_wconf 91' lang='lat'>:</span> <span class='ocrx_word' id='word_1_54' title='bbox 480 853 534 903; x_wconf 86' lang='lat' dir='ltr'>ad</span> <span class='ocrx_word' id='word_1_55' title='bbox 557 852 640 903; x_wconf 91' lang='lat' dir='ltr'>hos</span> <span class='ocrx_word' id='word_1_56' title='bbox 662 853 790 903; x_wconf 88' lang='lat' dir='ltr'>urbis</span> <span class='ocrx_word' id='word_1_57' title='bbox 813 872 984 903; x_wconf 88' lang='lat' dir='ltr'>summa</span> <span class='ocrx_word' id='word_1_58' title='bbox 1005 853 1140 904; x_wconf 90' lang='lat' dir='ltr'>relata</span> <span class='ocrx_word' id='word_1_59' title='bbox 1161 873 1295 905; x_wconf 82' lang='lat' dir='ltr'>novae.</span> 
     </span>
    </p>
   </div>
   <div class='ocr_carea' id='block_1_4' title="bbox 228 957 920 2788">
    <p class='ocr_par' dir='ltr' id='par_1_4' title="bbox 233 957 919 1634">
     <span class='ocr_line' id='line_1_11' title="bbox 235 957 915 1003; baseline -0.004 -7"><span class='ocrx_word' id='word_1_60' title='bbox 235 961 271 996; x_wconf 86' lang='lat' dir='ltr'>in</span> <span class='ocrx_word' id='word_1_61' title='bbox 296 958 472 1003; x_wconf 85' lang='lat' dir='ltr'>Romulo,</span> <span class='ocrx_word' id='word_1_62' title='bbox 496 959 556 1001; x_wconf 85' lang='lat'>13.</span> <span class='ocrx_word' id='word_1_63' title='bbox 578 966 614 995; x_wconf 88' lang='lat' dir='ltr'>et</span> <span class='ocrx_word' id='word_1_64' title='bbox 633 957 700 993; x_wconf 86' lang='lat' dir='ltr'>alii.</span> <span class='ocrx_word' id='word_1_65' title='bbox 715 975 759 985; x_wconf 88' lang='lat'>-</span> <span class='ocrx_word' id='word_1_66' title='bbox 775 959 915 994; x_wconf 65' lang='grc' dir='ltr'><em>Ποίω-</em></span> 
     </span>
     <span class='ocr_line' id='line_1_12' title="bbox 233 1009 917 1057; baseline -0.001 -11"><span class='ocrx_word' id='word_1_67' title='bbox 233 1022 297 1056; x_wconf 80' lang='lat' dir='ltr'>que</span> <span class='ocrx_word' id='word_1_68' title='bbox 306 1017 369 1046; x_wconf 86' lang='lat' dir='ltr'>etc.</span> <span class='ocrx_word' id='word_1_69' title='bbox 385 1010 469 1045; x_wconf 85' lang='lat' dir='ltr'>Jam</span> <span class='ocrx_word' id='word_1_70' title='bbox 482 1010 602 1057; x_wconf 86' lang='lat' dir='ltr'>primis</span> <span class='ocrx_word' id='word_1_71' title='bbox 617 1009 762 1056; x_wconf 83' lang='lat' dir='ltr'>reipubl.</span> <span class='ocrx_word' id='word_1_72' title='bbox 779 1022 917 1046; x_wconf 87' lang='lat' dir='ltr'>roman.</span> 
     </span>
     <span class='ocr_line' id='line_1_13' title="bbox 236 1063 917 1110; baseline -0.001 -10"><span class='ocrx_word' id='word_1_73' title='bbox 236 1064 452 1110; x_wconf 86' lang='lat' dir='ltr'>temporibus</span> <span class='ocrx_word' id='word_1_74' title='bbox 468 1070 607 1099; x_wconf 83' lang='lat' dir='ltr'>matura</span> <span class='ocrx_word' id='word_1_75' title='bbox 629 1069 710 1099; x_wconf 73' lang='lat' dir='ltr'>setas</span> <span class='ocrx_word' id='word_1_76' title='bbox 730 1063 917 1110; x_wconf 86' lang='lat' dir='ltr'>spectaba-</span> 
     </span>
     <span class='ocr_line' id='line_1_14' title="bbox 235 1114 918 1162; baseline 0 -11"><span class='ocrx_word' id='word_1_77' title='bbox 235 1124 294 1152; x_wconf 87' lang='lat' dir='ltr'>tur</span> <span class='ocrx_word' id='word_1_78' title='bbox 309 1117 344 1151; x_wconf 93' lang='lat' dir='ltr'>in</span> <span class='ocrx_word' id='word_1_79' title='bbox 363 1116 621 1162; x_wconf 79' lang='lat' dir='ltr'>magistratibus</span> <span class='ocrx_word' id='word_1_80' title='bbox 637 1114 806 1151; x_wconf 77' lang='lat' dir='ltr'>creandis.</span> <span class='ocrx_word' id='word_1_81' title='bbox 822 1114 918 1151; x_wconf 83' lang='lat' dir='ltr'>Hinc</span> 
     </span>
     <span class='ocr_line' id='line_1_15' title="bbox 235 1167 918 1217; baseline -0.004 -11"><span class='ocrx_word' id='word_1_82' title='bbox 235 1182 331 1206; x_wconf 86' lang='lat' dir='ltr'>anno</span> <span class='ocrx_word' id='word_1_83' title='bbox 349 1182 383 1205; x_wconf 89' lang='lat' dir='ltr'>u.</span> <span class='ocrx_word' id='word_1_84' title='bbox 405 1183 434 1205; x_wconf 82' lang='lat' dir='ltr'>c.</span> <span class='ocrx_word' id='word_1_85' title='bbox 453 1170 519 1217; x_wconf 80' lang='lat'>539</span> <span class='ocrx_word' id='word_1_86' title='bbox 532 1173 554 1213; x_wconf 80' lang='lat'>‚&#39;</span> <span class='ocrx_word' id='word_1_87' title='bbox 568 1167 739 1204; x_wconf 84' lang='lat' dir='ltr'>Cornelio</span> <span class='ocrx_word' id='word_1_88' title='bbox 762 1167 918 1215; x_wconf 79' lang='lat' dir='ltr'>Scipioni</span> 
     </span>
     <span class='ocr_line' id='line_1_16' title="bbox 234 1220 919 1267; baseline -0.004 -9"><span class='ocrx_word' id='word_1_89' title='bbox 234 1221 435 1258; x_wconf 67' lang='lat' dir='ltr'>aedilitatem</span> <span class='ocrx_word' id='word_1_90' title='bbox 446 1221 617 1267; x_wconf 75' lang='lat' dir='ltr'>spectanti</span> <span class='ocrx_word' id='word_1_91' title='bbox 632 1220 843 1256; x_wconf 85' lang='lat' dir='ltr'>obstiterunt</span> <span class='ocrx_word' id='word_1_92' title='bbox 857 1221 919 1256; x_wconf 89' lang='lat' dir='ltr'>tri-</span> 
     </span>
     <span class='ocr_line' id='line_1_17' title="bbox 233 1271 917 1318; baseline -0.004 -9"><span class='ocrx_word' id='word_1_93' title='bbox 233 1273 320 1309; x_wconf 78' lang='lat' dir='ltr'>Buni</span> <span class='ocrx_word' id='word_1_94' title='bbox 339 1272 446 1318; x_wconf 85' lang='lat' dir='ltr'>plebis</span> <span class='ocrx_word' id='word_1_95' title='bbox 461 1299 471 1317; x_wconf 86' lang='lat'><em>,</em></span> <span class='ocrx_word' id='word_1_96' title='bbox 493 1271 588 1318; x_wconf 86' lang='lat' dir='ltr'>quod</span> <span class='ocrx_word' id='word_1_97' title='bbox 605 1271 766 1307; x_wconf 84' lang='lat' dir='ltr'>nondum</span> <span class='ocrx_word' id='word_1_98' title='bbox 787 1271 830 1307; x_wconf 80' lang='lat' dir='ltr'>ad</span> <span class='ocrx_word' id='word_1_99' title='bbox 847 1284 917 1318; x_wconf 88' lang='lat' dir='ltr'>pe-</span> 
     </span>
     <span class='ocr_line' id='line_1_18' title="bbox 234 1323 915 1371; baseline -0.003 -11"><span class='ocrx_word' id='word_1_100' title='bbox 234 1325 383 1360; x_wconf 86' lang='lat' dir='ltr'>tendum</span> <span class='ocrx_word' id='word_1_101' title='bbox 397 1323 550 1371; x_wconf 72' lang='lat' dir='ltr'>legitima</span> <span class='ocrx_word' id='word_1_102' title='bbox 560 1328 641 1359; x_wconf 76' lang='lat' dir='ltr'>oe&#39;tas</span> <span class='ocrx_word' id='word_1_103' title='bbox 655 1331 762 1365; x_wconf 75' lang='lat' dir='ltr'>esset3</span> <span class='ocrx_word' id='word_1_104' title='bbox 780 1323 915 1366; x_wconf 81' lang='lat' dir='ltr'>Livius,</span> 
     </span>
     <span class='ocr_line' id='line_1_19' title="bbox 234 1374 919 1420; baseline -0.007 -7"><span class='ocrx_word' id='word_1_105' title='bbox 234 1377 341 1414; x_wconf 83' lang='lat' dir='ltr'>XXV</span> <span class='ocrx_word' id='word_1_106' title='bbox 359 1403 368 1420; x_wconf 89' lang='lat'>‚</span> <span class='ocrx_word' id='word_1_107' title='bbox 397 1389 440 1416; x_wconf 67' lang='grc' dir='ltr'>ας</span> <span class='ocrx_word' id='word_1_108' title='bbox 462 1375 522 1411; x_wconf 84' lang='lat' dir='ltr'>sed</span> <span class='ocrx_word' id='word_1_109' title='bbox 540 1375 651 1410; x_wconf 86' lang='lat' dir='ltr'>serius</span> <span class='ocrx_word' id='word_1_110' title='bbox 667 1374 814 1417; x_wconf 78' lang='lat' dir='ltr'>Villius,</span> <span class='ocrx_word' id='word_1_111' title='bbox 839 1375 919 1409; x_wconf 83' lang='lat' dir='ltr'>trib.</span> 
     </span>
     <span class='ocr_line' id='line_1_20' title="bbox 235 1426 919 1476; baseline -0.006 -11"><span class='ocrx_word' id='word_1_112' title='bbox 235 1429 344 1476; x_wconf 77' lang='lat' dir='ltr'>plebis</span> <span class='ocrx_word' id='word_1_113' title='bbox 354 1428 468 1475; x_wconf 73' lang='lat' dir='ltr'>legem</span> <span class='ocrx_word' id='word_1_114' title='bbox 478 1426 642 1462; x_wconf 81' lang='lat' dir='ltr'>annalem</span> <span class='ocrx_word' id='word_1_115' title='bbox 653 1426 745 1470; x_wconf 88' lang='lat' dir='ltr'>tulit,</span> <span class='ocrx_word' id='word_1_116' title='bbox 756 1438 825 1473; x_wconf 84' lang='lat' dir='ltr'>qua</span> <span class='ocrx_word' id='word_1_117' title='bbox 835 1428 919 1462; x_wconf 89' lang='lat' dir='ltr'>anni</span> 
     </span>
     <span class='ocr_line' id='line_1_21' title="bbox 236 1477 918 1527; baseline -0.004 -12"><span class='ocrx_word' id='word_1_118' title='bbox 236 1479 457 1527; x_wconf 71' lang='lat' dir='ltr'>singulorum</span> <span class='ocrx_word' id='word_1_119' title='bbox 472 1478 651 1514; x_wconf 83' lang='lat' dir='ltr'>honorum</span> <span class='ocrx_word' id='word_1_120' title='bbox 666 1477 803 1513; x_wconf 84' lang='lat' dir='ltr'>definiti</span> <span class='ocrx_word' id='word_1_121' title='bbox 824 1485 918 1514; x_wconf 86' lang='lat' dir='ltr'>sunt.</span> 
     </span>
     <span class='ocr_line' id='line_1_22' title="bbox 239 1531 918 1571; baseline -0.007 0"><span class='ocrx_word' id='word_1_122' title='bbox 239 1534 330 1571; x_wconf 88' lang='lat' dir='ltr'>Vide</span> <span class='ocrx_word' id='word_1_123' title='bbox 344 1534 498 1570; x_wconf 83' lang='lat' dir='ltr'>Dueker.</span> <span class='ocrx_word' id='word_1_124' title='bbox 512 1532 555 1568; x_wconf 85' lang='lat' dir='ltr'>ad</span> <span class='ocrx_word' id='word_1_125' title='bbox 567 1532 706 1568; x_wconf 77' lang='lat' dir='ltr'>Livium</span> <span class='ocrx_word' id='word_1_126' title='bbox 721 1531 814 1568; x_wconf 77' lang='lat' dir='ltr'>dieto</span> <span class='ocrx_word' id='word_1_127' title='bbox 831 1532 918 1568; x_wconf 83' lang='lat' dir='ltr'>loco.</span> 
     </span>
     <span class='ocr_line' id='line_1_23' title="bbox 236 1585 788 1634; baseline -0.009 -9"><span class='ocrx_word' id='word_1_128' title='bbox 236 1590 351 1625; x_wconf 59' lang='lat' dir='ltr'>nnita</span> <span class='ocrx_word' id='word_1_129' title='bbox 366 1588 476 1634; x_wconf 77' lang='lat' dir='ltr'>igitur</span> <span class='ocrx_word' id='word_1_130' title='bbox 487 1613 496 1631; x_wconf 92' lang='lat'>,</span> <span class='ocrx_word' id='word_1_131' title='bbox 514 1585 672 1622; x_wconf 78' lang='lat' dir='ltr'>defin‘ita.</span> <span class='ocrx_word' id='word_1_132' title='bbox 783 1588 788 1601; x_wconf 71' lang='lat'><em>²</em></span> 
     </span>
    </p>

    <p class='ocr_par' dir='ltr' id='par_1_5' title="bbox 228 1637 920 2788">
     <span class='ocr_line' id='line_1_24' title="bbox 278 1637 920 1687; baseline -0.003 -11"><span class='ocrx_word' id='word_1_133' title='bbox 278 1642 333 1687; x_wconf 78' lang='lat'>67.</span> <span class='ocrx_word' id='word_1_134' title='bbox 354 1641 435 1676; x_wconf 83' lang='lat' dir='ltr'>Non</span> <span class='ocrx_word' id='word_1_135' title='bbox 453 1638 561 1674; x_wconf 90' lang='lat' dir='ltr'>modo</span> <span class='ocrx_word' id='word_1_136' title='bbox 578 1639 615 1674; x_wconf 91' lang='lat' dir='ltr'>in</span> <span class='ocrx_word' id='word_1_137' title='bbox 630 1637 805 1685; x_wconf 75' lang='lat' dir='ltr'>republica</span> <span class='ocrx_word' id='word_1_138' title='bbox 817 1664 827 1682; x_wconf 85' lang='lat'>,</span> <span class='ocrx_word' id='word_1_139' title='bbox 845 1639 920 1687; x_wconf 90' lang='lat' dir='ltr'>pri-</span> 
     </span>
     <span class='ocr_line' id='line_1_25' title="bbox 236 1692 918 1740; baseline 0 -13"><span class='ocrx_word' id='word_1_140' title='bbox 236 1694 343 1729; x_wconf 79' lang='lat' dir='ltr'>vatim</span> <span class='ocrx_word' id='word_1_141' title='bbox 369 1704 509 1740; x_wconf 81' lang='lat' dir='ltr'>quoque</span> <span class='ocrx_word' id='word_1_142' title='bbox 539 1692 785 1728; x_wconf 53' lang='lat' dir='ltr'>honorabatur*</span> <span class='ocrx_word' id='word_1_143' title='bbox 807 1705 918 1728; x_wconf 90' lang='lat' dir='ltr'>sene-</span> 
     </span>
     <span class='ocr_line' id='line_1_26' title="bbox 235 1742 918 1792; baseline -0.001 -10"><span class='ocrx_word' id='word_1_144' title='bbox 235 1753 332 1788; x_wconf 84' lang='lat' dir='ltr'>ctus;</span> <span class='ocrx_word' id='word_1_145' title='bbox 349 1745 476 1782; x_wconf 91' lang='lat' dir='ltr'>Cicero</span> <span class='ocrx_word' id='word_1_146' title='bbox 488 1744 629 1781; x_wconf 83' lang='lat' dir='ltr'>Senect.</span> <span class='ocrx_word' id='word_1_147' title='bbox 644 1744 731 1780; x_wconf 73' lang='lat'>181«</span> <span class='ocrx_word' id='word_1_148' title='bbox 745 1742 918 1792; x_wconf 55' lang='lat' dir='ltr'>Hocffipsa</span> 
     </span>
     <span class='ocr_line' id='line_1_27' title="bbox 236 1796 919 1844; baseline -0.003 -9"><span class='ocrx_word' id='word_1_149' title='bbox 236 1815 254 1830; x_wconf 76' lang='grc' dir='ltr'>ι·</span> <span class='ocrx_word' id='word_1_150' title='bbox 272 1797 597 1836; x_wconf 64' lang='lat' dir='ltr'>sunrhonorabitia</span> <span class='ocrx_word' id='word_1_151' title='bbox 614 1824 624 1842; x_wconf 88' lang='lat'><em>,</em></span> <span class='ocrx_word' id='word_1_152' title='bbox 653 1809 730 1844; x_wconf 65' lang='lat' dir='ltr'>que</span> <span class='ocrx_word' id='word_1_153' title='bbox 751 1796 919 1833; x_wconf 56' lang='lat' dir='ltr'>videntur</span> 
     </span>
     <span class='ocr_line' id='line_1_28' title="bbox 238 1848 914 1896; baseline -0.006 -8"><span class='ocrx_word' id='word_1_154' title='bbox 238 1866 256 1883; x_wconf 76' lang='grc' dir='ltr'>ι·</span> <span class='ocrx_word' id='word_1_155' title='bbox 274 1852 362 1888; x_wconf 78' lang='lat' dir='ltr'>levia</span> <span class='ocrx_word' id='word_1_156' title='bbox 379 1858 484 1896; x_wconf 83' lang='lat' dir='ltr'>atque</span> <span class='ocrx_word' id='word_1_157' title='bbox 499 1849 702 1885; x_wconf 83' lang='lat' dir='ltr'>eommunia</span> <span class='ocrx_word' id='word_1_158' title='bbox 715 1874 725 1893; x_wconf 88' lang='lat'>,</span> <span class='ocrx_word' id='word_1_159' title='bbox 750 1848 891 1885; x_wconf 74' lang='lat' dir='ltr'>salutari</span> <span class='ocrx_word' id='word_1_160' title='bbox 904 1876 914 1894; x_wconf 88' lang='lat'>,</span> 
     </span>
     <span class='ocr_line' id='line_1_29' title="bbox 241 1899 915 1950; baseline 0.003 -15"><span class='ocrx_word' id='word_1_161' title='bbox 241 1918 259 1935; x_wconf 75' lang='grc' dir='ltr'>ιο</span> <span class='ocrx_word' id='word_1_162' title='bbox 274 1902 413 1950; x_wconf 86' lang='lat' dir='ltr'>appeti,</span> <span class='ocrx_word' id='word_1_163' title='bbox 432 1901 575 1944; x_wconf 84' lang='lat' dir='ltr'>decedi,</span> <span class='ocrx_word' id='word_1_164' title='bbox 593 1900 743 1947; x_wconf 69' lang='lat' dir='ltr'>assurgi,</span> <span class='ocrx_word' id='word_1_165' title='bbox 764 1899 890 1937; x_wconf 85' lang='lat' dir='ltr'>deduci</span> <span class='ocrx_word' id='word_1_166' title='bbox 904 1927 915 1945; x_wconf 81' lang='lat'>‚</span> 
     </span>
     <span class='ocr_line' id='line_1_30' title="bbox 238 1953 914 2000; baseline -0.003 -8"><span class='ocrx_word' id='word_1_167' title='bbox 238 1970 256 1987; x_wconf 72' lang='grc' dir='ltr'>ι·</span> <span class='ocrx_word' id='word_1_168' title='bbox 274 1954 394 1992; x_wconf 77' lang='lat' dir='ltr'>reduci</span> <span class='ocrx_word' id='word_1_169' title='bbox 406 1981 416 1999; x_wconf 88' lang='lat'>,</span> <span class='ocrx_word' id='word_1_170' title='bbox 428 1953 560 1990; x_wconf 87' lang='lat' dir='ltr'>consuli</span> <span class='ocrx_word' id='word_1_171' title='bbox 573 1966 581 1989; x_wconf 73' lang='grc' dir='ltr'>ε</span> <span class='ocrx_word' id='word_1_172' title='bbox 592 1965 671 2000; x_wconf 66' lang='lat' dir='ltr'>qua</span> <span class='ocrx_word' id='word_1_173' title='bbox 680 1959 717 1989; x_wconf 91' lang='lat' dir='ltr'>et</span> <span class='ocrx_word' id='word_1_174' title='bbox 729 1953 820 2000; x_wconf 83' lang='lat' dir='ltr'>apud</span> <span class='ocrx_word' id='word_1_175' title='bbox 831 1966 914 2000; x_wconf 83' lang='lat' dir='ltr'>nos,</span> 
     </span>
     <span class='ocr_line' id='line_1_31' title="bbox 237 2005 914 2053; baseline -0.001 -10"><span class='ocrx_word' id='word_1_176' title='bbox 237 2021 256 2039; x_wconf 77' lang='grc' dir='ltr'>ι·</span> <span class='ocrx_word' id='word_1_177' title='bbox 271 2013 308 2043; x_wconf 83' lang='lat' dir='ltr'>et</span> <span class='ocrx_word' id='word_1_178' title='bbox 327 2007 363 2042; x_wconf 90' lang='lat' dir='ltr'>in</span> <span class='ocrx_word' id='word_1_179' title='bbox 382 2006 456 2041; x_wconf 86' lang='lat' dir='ltr'>aliis</span> <span class='ocrx_word' id='word_1_180' title='bbox 470 2005 685 2049; x_wconf 80' lang='lat' dir='ltr'>civitatibus,</span> <span class='ocrx_word' id='word_1_181' title='bbox 707 2012 746 2041; x_wconf 86' lang='lat' dir='ltr'>nt</span> <span class='ocrx_word' id='word_1_182' title='bbox 768 2018 914 2053; x_wconf 69' lang='lat' dir='ltr'>quaeque</span> 
     </span>
     <span class='ocr_line' id='line_1_32' title="bbox 237 2057 915 2106; baseline 0 -12"><span class='ocrx_word' id='word_1_183' title='bbox 237 2073 255 2090; x_wconf 71' lang='grc' dir='ltr'><strong>ι</strong></span> <span class='ocrx_word' id='word_1_184' title='bbox 271 2059 406 2106; x_wconf 85' lang='lat' dir='ltr'>optime</span> <span class='ocrx_word' id='word_1_185' title='bbox 425 2064 559 2093; x_wconf 82' lang='lat' dir='ltr'>morata</span> <span class='ocrx_word' id='word_1_186' title='bbox 582 2057 629 2093; x_wconf 84' lang='lat' dir='ltr'>ita</span> <span class='ocrx_word' id='word_1_187' title='bbox 654 2057 915 2105; x_wconf 74' lang='lat' dir='ltr'>diligentissime</span> 
     </span>
     <span class='ocr_line' id='line_1_33' title="bbox 237 2109 915 2147; baseline 0.001 -3"><span class='ocrx_word' id='word_1_188' title='bbox 237 2125 257 2144; x_wconf 74' lang='grc' dir='ltr'>ιι</span> <span class='ocrx_word' id='word_1_189' title='bbox 273 2111 514 2147; x_wconf 79' lang='lat' dir='ltr'>observantur.</span> <span class='ocrx_word' id='word_1_190' title='bbox 530 2123 548 2140; x_wconf 69' lang='grc' dir='ltr'>υ</span> <span class='ocrx_word' id='word_1_191' title='bbox 562 2127 605 2137; x_wconf 84' lang='lat'>—</span> <span class='ocrx_word' id='word_1_192' title='bbox 622 2109 754 2145; x_wconf 60' lang='lat' dir='ltr'>Lot-um</span> <span class='ocrx_word' id='word_1_193' title='bbox 772 2113 915 2146; x_wconf 65' lang='lat' dir='ltr'>medius</span> 
     </span>
     <span class='ocr_line' id='line_1_34' title="bbox 234 2162 915 2210; baseline -0.003 -11"><span class='ocrx_word' id='word_1_194' title='bbox 234 2163 339 2200; x_wconf 74' lang='lat' dir='ltr'>fuisse</span> <span class='ocrx_word' id='word_1_195' title='bbox 352 2162 443 2210; x_wconf 74' lang='lat' dir='ltr'>apud</span> <span class='ocrx_word' id='word_1_196' title='bbox 452 2162 632 2199; x_wconf 78' lang='lat' dir='ltr'>Romanos</span> <span class='ocrx_word' id='word_1_197' title='bbox 642 2162 794 2209; x_wconf 82' lang='lat' dir='ltr'>aliosque</span> <span class='ocrx_word' id='word_1_198' title='bbox 808 2175 915 2210; x_wconf 82' lang='lat' dir='ltr'>popu-</span> 
     </span>
     <span class='ocr_line' id='line_1_35' title="bbox 235 2214 915 2258; baseline -0.004 -6"><span class='ocrx_word' id='word_1_199' title='bbox 235 2216 286 2252; x_wconf 80' lang='lat' dir='ltr'>to·</span> <span class='ocrx_word' id='word_1_200' title='bbox 299 2214 606 2251; x_wconf 78' lang='lat' dir='ltr'>honoratissimum</span> <span class='ocrx_word' id='word_1_201' title='bbox 621 2240 630 2258; x_wconf 88' lang='lat'><em>,</em></span> <span class='ocrx_word' id='word_1_202' title='bbox 646 2214 752 2250; x_wconf 85' lang='lat' dir='ltr'>etiam</span> <span class='ocrx_word' id='word_1_203' title='bbox 771 2227 811 2249; x_wconf 83' lang='lat' dir='ltr'>ex</span> <span class='ocrx_word' id='word_1_204' title='bbox 829 2214 915 2249; x_wconf 76' lang='lat' dir='ltr'>Sal-</span> 
     </span>
     <span class='ocr_line' id='line_1_36' title="bbox 233 2266 914 2314; baseline -0.004 -9"><span class='ocrx_word' id='word_1_205' title='bbox 233 2268 358 2313; x_wconf 80' lang='lat' dir='ltr'>lustio,</span> <span class='ocrx_word' id='word_1_206' title='bbox 376 2268 518 2314; x_wconf 68' lang='lat' dir='ltr'>Jugurt.</span> <span class='ocrx_word' id='word_1_207' title='bbox 540 2268 592 2303; x_wconf 86' lang='lat' dir='ltr'>xt</span> <span class='ocrx_word' id='word_1_208' title='bbox 612 2293 622 2311; x_wconf 84' lang='lat'>‚</span> <span class='ocrx_word' id='word_1_209' title='bbox 648 2267 692 2310; x_wconf 83' lang='grc'>3,</span> <span class='ocrx_word' id='word_1_210' title='bbox 717 2274 753 2302; x_wconf 90' lang='lat' dir='ltr'>et</span> <span class='ocrx_word' id='word_1_211' title='bbox 779 2266 914 2303; x_wconf 74' lang='lat' dir='ltr'>Minue.</span> 
     </span>
     <span class='ocr_line' id='line_1_37' title="bbox 235 2318 916 2367; baseline -0.006 -9"><span class='ocrx_word' id='word_1_212' title='bbox 235 2321 359 2358; x_wconf 73' lang='lat' dir='ltr'>ocum</span> <span class='ocrx_word' id='word_1_213' title='bbox 373 2323 411 2366; x_wconf 73' lang='lat'>4,</span> <span class='ocrx_word' id='word_1_214' title='bbox 423 2326 574 2367; x_wconf 84' lang='lat' dir='ltr'>apparet.</span> <span class='ocrx_word' id='word_1_215' title='bbox 589 2318 727 2367; x_wconf 67' lang='lat' dir='ltr'>Reliqui</span> <span class='ocrx_word' id='word_1_216' title='bbox 737 2318 809 2354; x_wconf 84' lang='lat' dir='ltr'>duo</span> <span class='ocrx_word' id='word_1_217' title='bbox 821 2321 916 2355; x_wconf 72' lang='lat' dir='ltr'>lutus</span> 
     </span>
     <span class='ocr_line' id='line_1_38' title="bbox 234 2372 908 2419; baseline -0.003 -10"><span class='ocrx_word' id='word_1_218' title='bbox 234 2373 342 2411; x_wconf 81' lang='lat' dir='ltr'>medii</span> <span class='ocrx_word' id='word_1_219' title='bbox 355 2381 461 2419; x_wconf 58' lang='lat' dir='ltr'>lepte</span> <span class='ocrx_word' id='word_1_220' title='bbox 468 2372 890 2408; x_wconf 50' lang='lat' dir='ltr'>‹thebanum-«lunum</span> <span class='ocrx_word' id='word_1_221' title='bbox 898 2400 908 2415; x_wconf 84' lang='lat'><em>,</em></span> 
     </span>
     <span class='ocr_line' id='line_1_39' title="bbox 233 2425 915 2472; baseline -0.004 -10"><span class='ocrx_word' id='word_1_222' title='bbox 233 2428 327 2462; x_wconf 89' lang='lat' dir='ltr'>inter</span> <span class='ocrx_word' id='word_1_223' title='bbox 341 2426 495 2472; x_wconf 68' lang='lat' dir='ltr'>invenes.</span> <span class='ocrx_word' id='word_1_224' title='bbox 510 2442 555 2452; x_wconf 90' lang='lat'>—</span> <span class='ocrx_word' id='word_1_225' title='bbox 570 2426 647 2460; x_wconf 73' lang='lat' dir='ltr'>Non</span> <span class='ocrx_word' id='word_1_226' title='bbox 662 2425 915 2470; x_wconf 44' lang='lat' dir='ltr'>iidata-mvn</span> 
     </span>
     <span class='ocr_line' id='line_1_40' title="bbox 232 2477 911 2525; baseline 0.001 -12"><span class='ocrx_word' id='word_1_227' title='bbox 232 2482 317 2523; x_wconf 63' lang='lat' dir='ltr'>ipse}</span> <span class='ocrx_word' id='word_1_228' title='bbox 335 2490 357 2520; x_wconf 82' lang='lat'>‚·</span> <span class='ocrx_word' id='word_1_229' title='bbox 372 2478 463 2514; x_wconf 76' lang='lat' dir='ltr'>sorte</span> <span class='ocrx_word' id='word_1_230' title='bbox 489 2490 554 2525; x_wconf 86' lang='lat' dir='ltr'>per</span> <span class='ocrx_word' id='word_1_231' title='bbox 576 2482 731 2519; x_wconf 58' lang='lat' dir='ltr'>›ee-&#39;enee</span> <span class='ocrx_word' id='word_1_232' title='bbox 745 2477 878 2514; x_wconf 80' lang='lat' dir='ltr'>dictum</span> <span class='ocrx_word' id='word_1_233' title='bbox 900 2505 911 2524; x_wconf 84' lang='lat'>,</span> 
     </span>
     <span class='ocr_line' id='line_1_41' title="bbox 234 2531 913 2578; baseline 0.001 -12"><span class='ocrx_word' id='word_1_234' title='bbox 234 2540 344 2578; x_wconf 78' lang='lat' dir='ltr'>quum</span> <span class='ocrx_word' id='word_1_235' title='bbox 364 2531 412 2567; x_wconf 86' lang='lat' dir='ltr'>illi</span> <span class='ocrx_word' id='word_1_236' title='bbox 431 2531 583 2567; x_wconf 79' lang='lat' dir='ltr'>libenter</span> <span class='ocrx_word' id='word_1_237' title='bbox 602 2531 637 2567; x_wconf 87' lang='lat' dir='ltr'>id</span> <span class='ocrx_word' id='word_1_238' title='bbox 660 2531 804 2568; x_wconf 81' lang='lat' dir='ltr'>honoris</span> <span class='ocrx_word' id='word_1_239' title='bbox 824 2544 913 2567; x_wconf 78' lang='lat' dir='ltr'>eon-</span> 
     </span>
     <span class='ocr_line' id='line_1_42' title="bbox 231 2582 912 2629; baseline 0 -9"><span class='ocrx_word' id='word_1_240' title='bbox 231 2583 410 2620; x_wconf 81' lang='lat' dir='ltr'>eederent.</span> <span class='ocrx_word' id='word_1_241' title='bbox 432 2584 490 2620; x_wconf 84' lang='lat' dir='ltr'>Sic</span> <span class='ocrx_word' id='word_1_242' title='bbox 506 2582 620 2629; x_wconf 74' lang='lat' dir='ltr'>maior</span> <span class='ocrx_word' id='word_1_243' title='bbox 635 2590 687 2620; x_wconf 83' lang='lat' dir='ltr'>est</span> <span class='ocrx_word' id='word_1_244' title='bbox 705 2584 912 2620; x_wconf 78' lang='lat' dir='ltr'>reverentia.</span> 
     </span>
     <span class='ocr_line' id='line_1_43' title="bbox 230 2636 911 2682; baseline 0.001 -12"><span class='ocrx_word' id='word_1_245' title='bbox 230 2636 443 2676; x_wconf 65' lang='lat' dir='ltr'>-·!uteuor.</span> <span class='ocrx_word' id='word_1_246' title='bbox 464 2637 654 2680; x_wconf 78' lang='lat' dir='ltr'>Horatius,</span> <span class='ocrx_word' id='word_1_247' title='bbox 680 2637 715 2673; x_wconf 81' lang='grc' dir='ltr'>ΙΙ</span> <span class='ocrx_word' id='word_1_248' title='bbox 734 2662 745 2680; x_wconf 82' lang='grc'><strong>.</strong></span> <span class='ocrx_word' id='word_1_249' title='bbox 770 2636 842 2673; x_wconf 74' lang='lat' dir='ltr'>sat.</span> <span class='ocrx_word' id='word_1_250' title='bbox 863 2646 911 2682; x_wconf 71' lang='lat' dir='ltr'>v,</span> 
     </span>
     <span class='ocr_line' id='line_1_44' title="bbox 232 2687 912 2735; baseline 0 -12"><span class='ocrx_word' id='word_1_251' title='bbox 232 2699 270 2735; x_wconf 81' lang='lat'>¹7</span> <span class='ocrx_word' id='word_1_252' title='bbox 285 2699 297 2723; x_wconf 68' lang='lat' dir='ltr'><strong><em>z</em></strong></span> <span class='ocrx_word' id='word_1_253' title='bbox 314 2700 334 2719; x_wconf 74' lang='grc' dir='ltr'>α</span> <span class='ocrx_word' id='word_1_254' title='bbox 357 2687 412 2723; x_wconf 79' lang='lat' dir='ltr'>Ne</span> <span class='ocrx_word' id='word_1_255' title='bbox 428 2693 547 2723; x_wconf 82' lang='lat' dir='ltr'>tamen</span> <span class='ocrx_word' id='word_1_256' title='bbox 569 2688 614 2723; x_wconf 90' lang='lat' dir='ltr'>illi</span> <span class='ocrx_word' id='word_1_257' title='bbox 631 2688 689 2724; x_wconf 79' lang='lat' dir='ltr'>Tu</span> <span class='ocrx_word' id='word_1_258' title='bbox 708 2700 827 2725; x_wconf 85' lang='lat' dir='ltr'>eomes</span> <span class='ocrx_word' id='word_1_259' title='bbox 844 2700 912 2724; x_wconf 75' lang='lat' dir='ltr'>ex-</span> 
     </span>
     <span class='ocr_line' id='line_1_45' title="bbox 228 2739 910 2788; baseline 0 -10"><span class='ocrx_word' id='word_1_260' title='bbox 228 2756 246 2772; x_wconf 71' lang='lat' dir='ltr'>t·</span> <span class='ocrx_word' id='word_1_261' title='bbox 260 2739 387 2786; x_wconf 74' lang='lat' dir='ltr'>terior,</span> <span class='ocrx_word' id='word_1_262' title='bbox 404 2739 431 2777; x_wconf 82' lang='lat' dir='ltr'>si</span> <span class='ocrx_word' id='word_1_263' title='bbox 447 2741 618 2788; x_wconf 73' lang='lat' dir='ltr'>postulet,</span> <span class='ocrx_word' id='word_1_264' title='bbox 639 2742 689 2778; x_wconf 88' lang='lat' dir='ltr'>ire</span> <span class='ocrx_word' id='word_1_265' title='bbox 715 2754 873 2785; x_wconf 51' lang='lat' dir='ltr'>recusem</span> <span class='ocrx_word' id='word_1_266' title='bbox 893 2755 910 2773; x_wconf 78' lang='grc' dir='ltr'>ι·</span> 
     </span>
    </p>
   </div>
   <div class='ocr_carea' id='block_1_5' title="bbox 976 958 1666 2789">
    <p class='ocr_par' dir='ltr' id='par_1_6' title="bbox 981 958 1666 1525">
     <span class='ocr_line' id='line_1_46' title="bbox 982 958 1665 997; baseline 0.004 -3"><span class='ocrx_word' id='word_1_267' title='bbox 982 958 1028 994; x_wconf 83' lang='lat' dir='ltr'>ibi</span> <span class='ocrx_word' id='word_1_268' title='bbox 1041 958 1220 995; x_wconf 86' lang='lat' dir='ltr'>Gesnerus</span> <span class='ocrx_word' id='word_1_269' title='bbox 1235 972 1245 995; x_wconf 90' lang='lat'>:</span> <span class='ocrx_word' id='word_1_270' title='bbox 1263 974 1281 990; x_wconf 73' lang='grc' dir='ltr'>ι</span> <span class='ocrx_word' id='word_1_271' title='bbox 1301 961 1444 995; x_wconf 78' lang='lat' dir='ltr'>Inlen&#39;or</span> <span class='ocrx_word' id='word_1_272' title='bbox 1464 960 1507 996; x_wconf 89' lang='lat' dir='ltr'>de</span> <span class='ocrx_word' id='word_1_273' title='bbox 1529 960 1665 997; x_wconf 79' lang='lat' dir='ltr'>duobus</span> 
     </span>
     <span class='ocr_line' id='line_1_47' title="bbox 981 1012 1663 1059; baseline 0.004 -13"><span class='ocrx_word' id='word_1_274' title='bbox 981 1024 1053 1047; x_wconf 89' lang='lat' dir='ltr'>una</span> <span class='ocrx_word' id='word_1_275' title='bbox 1063 1012 1228 1047; x_wconf 85' lang='lat' dir='ltr'>euntibus</span> <span class='ocrx_word' id='word_1_276' title='bbox 1238 1018 1303 1056; x_wconf 86' lang='lat' dir='ltr'>est,</span> <span class='ocrx_word' id='word_1_277' title='bbox 1316 1013 1375 1059; x_wconf 83' lang='lat' dir='ltr'>qui</span> <span class='ocrx_word' id='word_1_278' title='bbox 1386 1012 1427 1047; x_wconf 87' lang='lat' dir='ltr'>ad</span> <span class='ocrx_word' id='word_1_279' title='bbox 1437 1013 1605 1059; x_wconf 80' lang='lat' dir='ltr'>parietem</span> <span class='ocrx_word' id='word_1_280' title='bbox 1618 1014 1643 1049; x_wconf 89' lang='lat' dir='ltr'>it</span> <span class='ocrx_word' id='word_1_281' title='bbox 1654 1041 1663 1057; x_wconf 85' lang='lat'>‚</span> 
     </span>
     <span class='ocr_line' id='line_1_48' title="bbox 981 1063 1660 1108; baseline 0.001 -8"><span class='ocrx_word' id='word_1_282' title='bbox 981 1063 1052 1100; x_wconf 83' lang='lat' dir='ltr'>sive</span> <span class='ocrx_word' id='word_1_283' title='bbox 1070 1063 1211 1108; x_wconf 83' lang='lat' dir='ltr'>dexter,</span> <span class='ocrx_word' id='word_1_284' title='bbox 1229 1064 1299 1099; x_wconf 82' lang='lat' dir='ltr'>sive</span> <span class='ocrx_word' id='word_1_285' title='bbox 1318 1064 1476 1106; x_wconf 77' lang='lat' dir='ltr'>sinister;</span> <span class='ocrx_word' id='word_1_286' title='bbox 1498 1070 1660 1101; x_wconf 67' lang='lat' dir='ltr'>exterior.</span> 
     </span>
     <span class='ocr_line' id='line_1_49' title="bbox 984 1115 1665 1163; baseline 0.001 -12"><span class='ocrx_word' id='word_1_287' title='bbox 984 1115 1044 1162; x_wconf 89' lang='lat' dir='ltr'>qui</span> <span class='ocrx_word' id='word_1_288' title='bbox 1059 1116 1101 1151; x_wconf 85' lang='lat' dir='ltr'>ab</span> <span class='ocrx_word' id='word_1_289' title='bbox 1116 1115 1172 1151; x_wconf 88' lang='lat' dir='ltr'>illa</span> <span class='ocrx_word' id='word_1_290' title='bbox 1188 1116 1359 1151; x_wconf 85' lang='lat' dir='ltr'>exteriore</span> <span class='ocrx_word' id='word_1_291' title='bbox 1374 1123 1472 1162; x_wconf 89' lang='lat' dir='ltr'>parte</span> <span class='ocrx_word' id='word_1_292' title='bbox 1486 1143 1495 1160; x_wconf 84' lang='lat'><em>,</em></span> <span class='ocrx_word' id='word_1_293' title='bbox 1508 1130 1576 1163; x_wconf 88' lang='lat' dir='ltr'>qua</span> <span class='ocrx_word' id='word_1_294' title='bbox 1592 1130 1665 1152; x_wconf 89' lang='lat' dir='ltr'>non</span> 
     </span>
     <span class='ocr_line' id='line_1_50' title="bbox 984 1169 1666 1213; baseline 0.001 -9"><span class='ocrx_word' id='word_1_295' title='bbox 984 1170 1031 1205; x_wconf 90' lang='lat' dir='ltr'>ita</span> <span class='ocrx_word' id='word_1_296' title='bbox 1045 1169 1203 1205; x_wconf 86' lang='lat' dir='ltr'>munitus</span> <span class='ocrx_word' id='word_1_297' title='bbox 1216 1176 1270 1205; x_wconf 84' lang='lat' dir='ltr'>est</span> <span class='ocrx_word' id='word_1_298' title='bbox 1282 1196 1291 1213; x_wconf 92' lang='lat'><em>,</em></span> <span class='ocrx_word' id='word_1_299' title='bbox 1309 1169 1399 1204; x_wconf 82' lang='lat' dir='ltr'>latus</span> <span class='ocrx_word' id='word_1_300' title='bbox 1413 1170 1459 1204; x_wconf 93' lang='lat' dir='ltr'>illi</span> <span class='ocrx_word' id='word_1_301' title='bbox 1471 1170 1600 1205; x_wconf 78' lang='lat' dir='ltr'>claudit</span> <span class='ocrx_word' id='word_1_302' title='bbox 1612 1171 1666 1206; x_wconf 84' lang='lat' dir='ltr'>vel</span> 
     </span>
     <span class='ocr_line' id='line_1_51' title="bbox 985 1222 1666 1269; baseline 0.001 -13"><span class='ocrx_word' id='word_1_303' title='bbox 985 1222 1052 1268; x_wconf 79' lang='lat' dir='ltr'>tegi</span> <span class='ocrx_word' id='word_1_304' title='bbox 1058 1229 1100 1257; x_wconf 68' lang='lat' dir='ltr'>t.»</span> <span class='ocrx_word' id='word_1_305' title='bbox 1109 1240 1153 1248; x_wconf 90' lang='lat'>-</span> <span class='ocrx_word' id='word_1_306' title='bbox 1162 1223 1319 1263; x_wconf 75' lang='lat' dir='ltr'>Censura,</span> <span class='ocrx_word' id='word_1_307' title='bbox 1334 1222 1388 1267; x_wconf 83' lang='lat' dir='ltr'>jus</span> <span class='ocrx_word' id='word_1_308' title='bbox 1397 1222 1585 1269; x_wconf 80' lang='lat' dir='ltr'>castigandi</span> <span class='ocrx_word' id='word_1_309' title='bbox 1597 1231 1666 1258; x_wconf 87' lang='lat' dir='ltr'>tur-</span> 
     </span>
     <span class='ocr_line' id='line_1_52' title="bbox 983 1273 1664 1322; baseline 0.004 -14"><span class='ocrx_word' id='word_1_310' title='bbox 983 1274 1074 1320; x_wconf 85' lang='lat' dir='ltr'>piter</span> <span class='ocrx_word' id='word_1_311' title='bbox 1084 1274 1137 1308; x_wconf 80' lang='lat' dir='ltr'>vel</span> <span class='ocrx_word' id='word_1_312' title='bbox 1151 1273 1334 1320; x_wconf 83' lang='lat' dir='ltr'>loquentes</span> <span class='ocrx_word' id='word_1_313' title='bbox 1345 1301 1355 1317; x_wconf 82' lang='lat'>,</span> <span class='ocrx_word' id='word_1_314' title='bbox 1367 1274 1420 1309; x_wconf 83' lang='lat' dir='ltr'>vel</span> <span class='ocrx_word' id='word_1_315' title='bbox 1433 1283 1573 1322; x_wconf 75' lang='lat' dir='ltr'>agentes</span> <span class='ocrx_word' id='word_1_316' title='bbox 1583 1289 1664 1311; x_wconf 83' lang='lat' dir='ltr'>cum</span> 
     </span>
     <span class='ocr_line' id='line_1_53' title="bbox 983 1325 1665 1374; baseline 0.004 -15"><span class='ocrx_word' id='word_1_317' title='bbox 983 1332 1141 1374; x_wconf 72' lang='lat' dir='ltr'>respectu</span> <span class='ocrx_word' id='word_1_318' title='bbox 1159 1332 1277 1360; x_wconf 84' lang='lat' dir='ltr'>tamen</span> <span class='ocrx_word' id='word_1_319' title='bbox 1297 1325 1339 1361; x_wconf 87' lang='lat' dir='ltr'>ad</span> <span class='ocrx_word' id='word_1_320' title='bbox 1357 1327 1515 1362; x_wconf 80' lang='lat' dir='ltr'>censoris</span> <span class='ocrx_word' id='word_1_321' title='bbox 1525 1340 1665 1364; x_wconf 88' lang='lat' dir='ltr'>munus.</span> 
     </span>
     <span class='ocr_line' id='line_1_54' title="bbox 985 1376 1665 1425; baseline 0.006 -14"><span class='ocrx_word' id='word_1_322' title='bbox 985 1376 1105 1425; x_wconf 77' lang='lat' dir='ltr'>Longa</span> <span class='ocrx_word' id='word_1_323' title='bbox 1128 1383 1270 1412; x_wconf 76' lang='lat' dir='ltr'>senecta</span> <span class='ocrx_word' id='word_1_324' title='bbox 1293 1390 1470 1424; x_wconf 86' lang='lat' dir='ltr'>quemque</span> <span class='ocrx_word' id='word_1_325' title='bbox 1497 1380 1665 1416; x_wconf 79' lang='lat' dir='ltr'>reddebat</span> 
     </span>
     <span class='ocr_line' id='line_1_55' title="bbox 983 1429 1664 1475; baseline 0.006 -12"><span class='ocrx_word' id='word_1_326' title='bbox 983 1429 1079 1474; x_wconf 85' lang='lat' dir='ltr'>quasi</span> <span class='ocrx_word' id='word_1_327' title='bbox 1089 1441 1231 1463; x_wconf 87' lang='lat' dir='ltr'>morum</span> <span class='ocrx_word' id='word_1_328' title='bbox 1244 1429 1449 1475; x_wconf 75' lang='lat' dir='ltr'>magistrum</span> <span class='ocrx_word' id='word_1_329' title='bbox 1460 1444 1469 1471; x_wconf 83' lang='lat'>;</span> <span class='ocrx_word' id='word_1_330' title='bbox 1482 1432 1572 1466; x_wconf 82' lang='lat' dir='ltr'>cons.</span> <span class='ocrx_word' id='word_1_331' title='bbox 1587 1433 1664 1467; x_wconf 85' lang='lat' dir='ltr'>Plu-</span> 
     </span>
     <span class='ocr_line' id='line_1_56' title="bbox 983 1479 1582 1525; baseline 0.003 -10"><span class='ocrx_word' id='word_1_332' title='bbox 983 1479 1093 1515; x_wconf 81' lang='lat' dir='ltr'>tarchi</span> <span class='ocrx_word' id='word_1_333' title='bbox 1109 1480 1262 1516; x_wconf 72' lang='lat' dir='ltr'>Institut.</span> <span class='ocrx_word' id='word_1_334' title='bbox 1281 1480 1409 1516; x_wconf 81' lang='lat' dir='ltr'>Lacon.</span> <span class='ocrx_word' id='word_1_335' title='bbox 1423 1495 1448 1517; x_wconf 89' lang='lat' dir='ltr'>s.</span> <span class='ocrx_word' id='word_1_336' title='bbox 1464 1482 1485 1516; x_wconf 86' lang='lat'>3</span> <span class='ocrx_word' id='word_1_337' title='bbox 1499 1490 1534 1518; x_wconf 88' lang='lat' dir='ltr'>et</span> <span class='ocrx_word' id='word_1_338' title='bbox 1553 1485 1582 1525; x_wconf 69' lang='grc'>4.</span> 
     </span>
    </p>

    <p class='ocr_par' dir='ltr' id='par_1_7' title="bbox 976 1534 1665 2789">
     <span class='ocr_line' id='line_1_57' title="bbox 1027 1534 1661 1581; baseline 0.005 -12"><span class='ocrx_word' id='word_1_339' title='bbox 1027 1547 1078 1579; x_wconf 85' lang='lat'>7¹·</span> <span class='ocrx_word' id='word_1_340' title='bbox 1096 1534 1240 1574; x_wconf 79' lang='lat' dir='ltr'>Selecta.</span> <span class='ocrx_word' id='word_1_341' title='bbox 1269 1535 1479 1581; x_wconf 64' lang='lat' dir='ltr'>prestantia.</span> <span class='ocrx_word' id='word_1_342' title='bbox 1502 1538 1661 1578; x_wconf 75' lang='lat' dir='ltr'>Pectora,</span> 
     </span>
     <span class='ocr_line' id='line_1_58' title="bbox 980 1589 1665 1635; baseline 0.006 -13"><span class='ocrx_word' id='word_1_343' title='bbox 980 1590 1096 1630; x_wconf 62' lang='lat' dir='ltr'>calma</span> <span class='ocrx_word' id='word_1_344' title='bbox 1106 1594 1141 1622; x_wconf 85' lang='lat' dir='ltr'>et</span> <span class='ocrx_word' id='word_1_345' title='bbox 1152 1600 1292 1632; x_wconf 78' lang='lat' dir='ltr'>corpora</span> <span class='ocrx_word' id='word_1_346' title='bbox 1305 1595 1442 1635; x_wconf 86' lang='lat' dir='ltr'>ponunt</span> <span class='ocrx_word' id='word_1_347' title='bbox 1456 1589 1569 1626; x_wconf 87' lang='lat' dir='ltr'>Latini</span> <span class='ocrx_word' id='word_1_348' title='bbox 1584 1617 1593 1633; x_wconf 85' lang='grc'><strong>,</strong></span> <span class='ocrx_word' id='word_1_349' title='bbox 1605 1592 1665 1626; x_wconf 83' lang='lat' dir='ltr'>ubi</span> 
     </span>
     <span class='ocr_line' id='line_1_59' title="bbox 982 1639 1664 1685; baseline 0.006 -12"><span class='ocrx_word' id='word_1_350' title='bbox 982 1650 1047 1674; x_wconf 87' lang='lat' dir='ltr'>nos</span> <span class='ocrx_word' id='word_1_351' title='bbox 1076 1651 1242 1685; x_wconf 79' lang='lat' dir='ltr'>personas</span> <span class='ocrx_word' id='word_1_352' title='bbox 1266 1666 1275 1682; x_wconf 87' lang='lat'>,</span> <span class='ocrx_word' id='word_1_353' title='bbox 1317 1639 1478 1677; x_wconf 81' lang='lat' dir='ltr'>homines</span> <span class='ocrx_word' id='word_1_354' title='bbox 1506 1642 1664 1677; x_wconf 68' lang='lat' dir='ltr'>dicimus.</span> 
     </span>
     <span class='ocr_line' id='line_1_60' title="bbox 983 1690 1664 1738; baseline 0.007 -13"><span class='ocrx_word' id='word_1_355' title='bbox 983 1690 1100 1738; x_wconf 82' lang='lat' dir='ltr'>Vulgo</span> <span class='ocrx_word' id='word_1_356' title='bbox 1113 1691 1239 1738; x_wconf 77' lang='lat' dir='ltr'>legitur</span> <span class='ocrx_word' id='word_1_357' title='bbox 1246 1704 1410 1737; x_wconf 70' lang='lat' dir='ltr'>corpora:</span> <span class='ocrx_word' id='word_1_358' title='bbox 1426 1693 1486 1729; x_wconf 89' lang='lat' dir='ltr'>sed</span> <span class='ocrx_word' id='word_1_359' title='bbox 1499 1693 1664 1731; x_wconf 78' lang='lat' dir='ltr'>Heinsius</span> 
     </span>
     <span class='ocr_line' id='line_1_61' title="bbox 976 1744 1663 1791; baseline 0.004 -12"><span class='ocrx_word' id='word_1_360' title='bbox 976 1751 1117 1788; x_wconf 77' lang='lat' dir='ltr'>pectora</span> <span class='ocrx_word' id='word_1_361' title='bbox 1141 1744 1315 1790; x_wconf 71' lang='lat' dir='ltr'>pretulit,</span> <span class='ocrx_word' id='word_1_362' title='bbox 1340 1745 1422 1791; x_wconf 81' lang='lat' dir='ltr'>quia</span> <span class='ocrx_word' id='word_1_363' title='bbox 1442 1745 1484 1781; x_wconf 83' lang='lat' dir='ltr'>de</span> <span class='ocrx_word' id='word_1_364' title='bbox 1507 1748 1639 1782; x_wconf 76' lang='lat' dir='ltr'>consilii</span> <span class='ocrx_word' id='word_1_365' title='bbox 1653 1775 1663 1790; x_wconf 81' lang='grc'>,</span> 
     </span>
     <span class='ocr_line' id='line_1_62' title="bbox 981 1795 1665 1844; baseline 0.006 -14"><span class='ocrx_word' id='word_1_366' title='bbox 981 1807 1054 1830; x_wconf 87' lang='lat' dir='ltr'>non</span> <span class='ocrx_word' id='word_1_367' title='bbox 1075 1795 1202 1831; x_wconf 72' lang='lat' dir='ltr'>virium</span> <span class='ocrx_word' id='word_1_368' title='bbox 1231 1796 1427 1842; x_wconf 63' lang='lat' dir='ltr'>prestantia</span> <span class='ocrx_word' id='word_1_369' title='bbox 1450 1799 1574 1844; x_wconf 75' lang='lat' dir='ltr'>agitur.</span> <span class='ocrx_word' id='word_1_370' title='bbox 1596 1801 1665 1834; x_wconf 76' lang='lat' dir='ltr'>Se-</span> 
     </span>
     <span class='ocr_line' id='line_1_63' title="bbox 980 1846 1663 1897; baseline 0.009 -16"><span class='ocrx_word' id='word_1_371' title='bbox 980 1849 1095 1887; x_wconf 66' lang='lat' dir='ltr'>tecm</span> <span class='ocrx_word' id='word_1_372' title='bbox 1119 1846 1175 1882; x_wconf 89' lang='lat' dir='ltr'>alii</span> <span class='ocrx_word' id='word_1_373' title='bbox 1191 1849 1333 1883; x_wconf 74' lang='lat' dir='ltr'>delecta.</span> <span class='ocrx_word' id='word_1_374' title='bbox 1354 1848 1530 1892; x_wconf 82' lang='lat' dir='ltr'>Velleius,</span> <span class='ocrx_word' id='word_1_375' title='bbox 1555 1850 1593 1893; x_wconf 85' lang='lat'>1,</span> <span class='ocrx_word' id='word_1_376' title='bbox 1618 1852 1639 1886; x_wconf 90' lang='lat'><strong>8</strong></span> <span class='ocrx_word' id='word_1_377' title='bbox 1653 1878 1663 1897; x_wconf 85' lang='lat'><strong>,</strong></span> 
     </span>
     <span class='ocr_line' id='line_1_64' title="bbox 981 1896 1663 1936; baseline 0.006 -4"><span class='ocrx_word' id='word_1_378' title='bbox 981 1896 1024 1933; x_wconf 87' lang='lat' dir='ltr'>de</span> <span class='ocrx_word' id='word_1_379' title='bbox 1050 1898 1227 1934; x_wconf 84' lang='lat' dir='ltr'>Romulo:</span> <span class='ocrx_word' id='word_1_380' title='bbox 1245 1914 1263 1929; x_wconf 73' lang='grc' dir='ltr'>ι</span> <span class='ocrx_word' id='word_1_381' title='bbox 1289 1899 1358 1934; x_wconf 77' lang='lat' dir='ltr'>Hic</span> <span class='ocrx_word' id='word_1_382' title='bbox 1377 1907 1521 1935; x_wconf 82' lang='lat' dir='ltr'>centum</span> <span class='ocrx_word' id='word_1_383' title='bbox 1541 1901 1663 1936; x_wconf 85' lang='lat' dir='ltr'>homi-</span> 
     </span>
     <span class='ocr_line' id='line_1_65' title="bbox 983 1952 1664 2000; baseline 0.006 -14"><span class='ocrx_word' id='word_1_384' title='bbox 983 1965 1001 1981; x_wconf 75' lang='lat'><strong>»</strong></span> <span class='ocrx_word' id='word_1_385' title='bbox 1019 1964 1080 1986; x_wconf 83' lang='lat' dir='ltr'>nes</span> <span class='ocrx_word' id='word_1_386' title='bbox 1099 1952 1247 1996; x_wconf 80' lang='lat' dir='ltr'>electos,</span> <span class='ocrx_word' id='word_1_387' title='bbox 1266 1952 1522 2000; x_wconf 75' lang='lat' dir='ltr'>appellatusque</span> <span class='ocrx_word' id='word_1_388' title='bbox 1542 1955 1664 1990; x_wconf 82' lang='lat' dir='ltr'>Patres</span> 
     </span>
     <span class='ocr_line' id='line_1_66' title="bbox 981 2004 1660 2053; baseline 0.006 -15"><span class='ocrx_word' id='word_1_389' title='bbox 981 2016 1000 2033; x_wconf 72' lang='lat'>²·</span> <span class='ocrx_word' id='word_1_390' title='bbox 1015 2004 1126 2039; x_wconf 86' lang='lat' dir='ltr'>instar</span> <span class='ocrx_word' id='word_1_391' title='bbox 1157 2004 1278 2039; x_wconf 81' lang='lat' dir='ltr'>habuit</span> <span class='ocrx_word' id='word_1_392' title='bbox 1314 2004 1448 2041; x_wconf 85' lang='lat' dir='ltr'>consilii</span> <span class='ocrx_word' id='word_1_393' title='bbox 1480 2006 1617 2053; x_wconf 81' lang='lat' dir='ltr'>publici.</span> <span class='ocrx_word' id='word_1_394' title='bbox 1643 2022 1660 2037; x_wconf 75' lang='grc' dir='ltr'>υ</span> 
     </span>
     <span class='ocr_line' id='line_1_67' title="bbox 982 2054 1663 2102; baseline 0.006 -12"><span class='ocrx_word' id='word_1_395' title='bbox 982 2054 1181 2100; x_wconf 70' lang='lat' dir='ltr'>Quoesitum</span> <span class='ocrx_word' id='word_1_396' title='bbox 1207 2056 1279 2102; x_wconf 78' lang='lat' dir='ltr'>jam</span> <span class='ocrx_word' id='word_1_397' title='bbox 1306 2056 1391 2092; x_wconf 81' lang='lat' dir='ltr'>olim</span> <span class='ocrx_word' id='word_1_398' title='bbox 1413 2083 1423 2101; x_wconf 85' lang='lat'><em>,</em></span> <span class='ocrx_word' id='word_1_399' title='bbox 1452 2070 1515 2093; x_wconf 86' lang='lat' dir='ltr'>cur</span> <span class='ocrx_word' id='word_1_400' title='bbox 1542 2060 1663 2094; x_wconf 68' lang='lat' dir='ltr'>emes</span> 
     </span>
     <span class='ocr_line' id='line_1_68' title="bbox 979 2106 1660 2153; baseline 0.004 -12"><span class='ocrx_word' id='word_1_401' title='bbox 979 2106 1082 2149; x_wconf 81' lang='lat' dir='ltr'>dicti;</span> <span class='ocrx_word' id='word_1_402' title='bbox 1102 2107 1285 2144; x_wconf 82' lang='lat' dir='ltr'>Sallustius</span> <span class='ocrx_word' id='word_1_403' title='bbox 1300 2107 1405 2144; x_wconf 83' lang='lat' dir='ltr'>Catil.</span> <span class='ocrx_word' id='word_1_404' title='bbox 1423 2108 1475 2144; x_wconf 81' lang='lat' dir='ltr'>vl</span> <span class='ocrx_word' id='word_1_405' title='bbox 1488 2136 1498 2153; x_wconf 77' lang='lat'>,</span> <span class='ocrx_word' id='word_1_406' title='bbox 1515 2109 1537 2145; x_wconf 81' lang='lat'><strong>6</strong></span> <span class='ocrx_word' id='word_1_407' title='bbox 1550 2123 1559 2144; x_wconf 89' lang='lat'>:</span> <span class='ocrx_word' id='word_1_408' title='bbox 1574 2125 1590 2140; x_wconf 80' lang='grc' dir='ltr'>ι</span> <span class='ocrx_word' id='word_1_409' title='bbox 1611 2109 1660 2146; x_wconf 75' lang='lat' dir='ltr'>Hi</span> 
     </span>
     <span class='ocr_line' id='line_1_69' title="bbox 982 2159 1659 2204; baseline 0.004 -10"><span class='ocrx_word' id='word_1_410' title='bbox 982 2172 999 2188; x_wconf 73' lang='grc' dir='ltr'>»ο</span> <span class='ocrx_word' id='word_1_411' title='bbox 1017 2159 1074 2194; x_wconf 82' lang='lat' dir='ltr'>vel</span> <span class='ocrx_word' id='word_1_412' title='bbox 1096 2166 1220 2204; x_wconf 69' lang='lat' dir='ltr'>etate,</span> <span class='ocrx_word' id='word_1_413' title='bbox 1243 2159 1299 2196; x_wconf 78' lang='lat' dir='ltr'>vel</span> <span class='ocrx_word' id='word_1_414' title='bbox 1318 2172 1412 2197; x_wconf 70' lang='lat' dir='ltr'>curn</span> <span class='ocrx_word' id='word_1_415' title='bbox 1432 2160 1659 2197; x_wconf 68' lang='lat' dir='ltr'>similitudine</span> 
     </span>
     <span class='ocr_line' id='line_1_70' title="bbox 982 2212 1657 2260; baseline 0.006 -14"><span class='ocrx_word' id='word_1_416' title='bbox 982 2226 1000 2241; x_wconf 77' lang='lat'>›-</span> <span class='ocrx_word' id='word_1_417' title='bbox 1020 2212 1142 2247; x_wconf 84' lang='lat' dir='ltr'>Patres</span> <span class='ocrx_word' id='word_1_418' title='bbox 1168 2213 1340 2260; x_wconf 83' lang='lat' dir='ltr'>appellati.</span> <span class='ocrx_word' id='word_1_419' title='bbox 1365 2228 1382 2243; x_wconf 82' lang='grc' dir='ltr'>ι·</span> <span class='ocrx_word' id='word_1_420' title='bbox 1411 2213 1599 2250; x_wconf 77' lang='lat' dir='ltr'>Plutarcho</span> <span class='ocrx_word' id='word_1_421' title='bbox 1622 2216 1657 2250; x_wconf 89' lang='lat' dir='ltr'>in</span> 
     </span>
     <span class='ocr_line' id='line_1_71' title="bbox 980 2265 1659 2312; baseline 0.001 -11"><span class='ocrx_word' id='word_1_422' title='bbox 980 2265 1135 2301; x_wconf 83' lang='lat' dir='ltr'>Romulo</span> <span class='ocrx_word' id='word_1_423' title='bbox 1146 2293 1156 2310; x_wconf 89' lang='lat'><em>,</em></span> <span class='ocrx_word' id='word_1_424' title='bbox 1176 2267 1232 2311; x_wconf 76' lang='lat'>1³,</span> <span class='ocrx_word' id='word_1_425' title='bbox 1244 2265 1409 2302; x_wconf 76' lang='lat' dir='ltr'>credibile</span> <span class='ocrx_word' id='word_1_426' title='bbox 1421 2266 1562 2302; x_wconf 78' lang='lat' dir='ltr'>videtur</span> <span class='ocrx_word' id='word_1_427' title='bbox 1572 2295 1581 2312; x_wconf 83' lang='lat'><em>,</em></span> <span class='ocrx_word' id='word_1_428' title='bbox 1594 2268 1659 2304; x_wconf 78' lang='lat' dir='ltr'>Ro-</span> 
     </span>
     <span class='ocr_line' id='line_1_72' title="bbox 979 2318 1660 2358; baseline 0.006 -4"><span class='ocrx_word' id='word_1_429' title='bbox 979 2319 1117 2354; x_wconf 88' lang='lat' dir='ltr'>mulum</span> <span class='ocrx_word' id='word_1_430' title='bbox 1132 2318 1199 2355; x_wconf 80' lang='lat' dir='ltr'>hoc</span> <span class='ocrx_word' id='word_1_431' title='bbox 1216 2319 1362 2355; x_wconf 74' lang='lat' dir='ltr'>nomine</span> <span class='ocrx_word' id='word_1_432' title='bbox 1383 2318 1605 2357; x_wconf 81' lang='lat' dir='ltr'>admonuisse</span> <span class='ocrx_word' id='word_1_433' title='bbox 1625 2331 1660 2358; x_wconf 91' lang='lat' dir='ltr'>et</span> 
     </span>
     <span class='ocr_line' id='line_1_73' title="bbox 977 2371 1659 2418; baseline 0.004 -12"><span class='ocrx_word' id='word_1_434' title='bbox 977 2378 1175 2416; x_wconf 82' lang='lat' dir='ltr'>senatores,</span> <span class='ocrx_word' id='word_1_435' title='bbox 1201 2378 1238 2407; x_wconf 88' lang='lat' dir='ltr'>ut</span> <span class='ocrx_word' id='word_1_436' title='bbox 1255 2376 1403 2418; x_wconf 81' lang='lat' dir='ltr'>paterno</span> <span class='ocrx_word' id='word_1_437' title='bbox 1423 2371 1548 2407; x_wconf 73' lang='lat' dir='ltr'>affeetu</span> <span class='ocrx_word' id='word_1_438' title='bbox 1569 2374 1659 2409; x_wconf 75' lang='lat' dir='ltr'>rives</span> 
     </span>
     <span class='ocr_line' id='line_1_74' title="bbox 978 2424 1658 2472; baseline 0.006 -13"><span class='ocrx_word' id='word_1_439' title='bbox 978 2424 1295 2471; x_wconf 80' lang='lat' dir='ltr'>amplecterentur,</span> <span class='ocrx_word' id='word_1_440' title='bbox 1309 2432 1346 2460; x_wconf 89' lang='lat' dir='ltr'>et</span> <span class='ocrx_word' id='word_1_441' title='bbox 1362 2425 1500 2472; x_wconf 82' lang='lat' dir='ltr'>plebem</span> <span class='ocrx_word' id='word_1_442' title='bbox 1514 2454 1522 2470; x_wconf 87' lang='lat'>‚</span> <span class='ocrx_word' id='word_1_443' title='bbox 1542 2439 1586 2462; x_wconf 84' lang='lat' dir='ltr'>ne</span> <span class='ocrx_word' id='word_1_444' title='bbox 1604 2427 1658 2463; x_wconf 69' lang='lat' dir='ltr'>vel</span> 
     </span>
     <span class='ocr_line' id='line_1_75' title="bbox 979 2476 1657 2520; baseline 0 -8"><span class='ocrx_word' id='word_1_445' title='bbox 979 2476 1166 2513; x_wconf 80' lang='lat' dir='ltr'>horrerent</span> <span class='ocrx_word' id='word_1_446' title='bbox 1187 2476 1263 2512; x_wconf 84' lang='lat' dir='ltr'>illos</span> <span class='ocrx_word' id='word_1_447' title='bbox 1280 2503 1290 2520; x_wconf 81' lang='lat'><strong>,</strong></span> <span class='ocrx_word' id='word_1_448' title='bbox 1316 2478 1369 2513; x_wconf 79' lang='lat' dir='ltr'>vet</span> <span class='ocrx_word' id='word_1_449' title='bbox 1389 2478 1587 2515; x_wconf 77' lang='lat' dir='ltr'>inviderent</span> <span class='ocrx_word' id='word_1_450' title='bbox 1607 2480 1657 2515; x_wconf 85' lang='lat' dir='ltr'>iis.</span> 
     </span>
     <span class='ocr_line' id='line_1_76' title="bbox 979 2528 1657 2575; baseline 0.004 -11"><span class='ocrx_word' id='word_1_451' title='bbox 979 2528 1078 2575; x_wconf 87' lang='lat' dir='ltr'>Quid</span> <span class='ocrx_word' id='word_1_452' title='bbox 1097 2528 1248 2565; x_wconf 82' lang='lat' dir='ltr'>Ovidius</span> <span class='ocrx_word' id='word_1_453' title='bbox 1264 2530 1411 2565; x_wconf 83' lang='lat' dir='ltr'>senserit</span> <span class='ocrx_word' id='word_1_454' title='bbox 1427 2556 1437 2574; x_wconf 82' lang='lat'>,</span> <span class='ocrx_word' id='word_1_455' title='bbox 1463 2531 1528 2567; x_wconf 79' lang='lat' dir='ltr'>loci</span> <span class='ocrx_word' id='word_1_456' title='bbox 1553 2532 1657 2567; x_wconf 82' lang='lat' dir='ltr'>series</span> 
     </span>
     <span class='ocr_line' id='line_1_77' title="bbox 977 2581 1657 2632; baseline 0.003 -13"><span class='ocrx_word' id='word_1_457' title='bbox 977 2581 1118 2619; x_wconf 75' lang='lat' dir='ltr'>indicat.</span> <span class='ocrx_word' id='word_1_458' title='bbox 1148 2581 1321 2619; x_wconf 76' lang='lat' dir='ltr'>Romulus</span> <span class='ocrx_word' id='word_1_459' title='bbox 1349 2585 1412 2619; x_wconf 72' lang='lat' dir='ltr'>hoc</span> <span class='ocrx_word' id='word_1_460' title='bbox 1437 2587 1542 2626; x_wconf 72' lang='lat' dir='ltr'>w‘dt’e.</span> <span class='ocrx_word' id='word_1_461' title='bbox 1569 2598 1657 2632; x_wconf 80' lang='lat' dir='ltr'>spe-</span> 
     </span>
     <span class='ocr_line' id='line_1_78' title="bbox 976 2634 1655 2684; baseline 0.003 -12"><span class='ocrx_word' id='word_1_462' title='bbox 976 2636 1080 2672; x_wconf 79' lang='lat' dir='ltr'>ctavit</span> <span class='ocrx_word' id='word_1_463' title='bbox 1092 2662 1103 2680; x_wconf 79' lang='grc'>,</span> <span class='ocrx_word' id='word_1_464' title='bbox 1119 2634 1210 2672; x_wconf 73' lang='lat' dir='ltr'>effici</span> <span class='ocrx_word' id='word_1_465' title='bbox 1227 2635 1357 2680; x_wconf 81' lang='lat' dir='ltr'>voluit,</span> <span class='ocrx_word' id='word_1_466' title='bbox 1375 2645 1413 2673; x_wconf 90' lang='lat' dir='ltr'>ut</span> <span class='ocrx_word' id='word_1_467' title='bbox 1433 2637 1529 2684; x_wconf 79' lang='lat' dir='ltr'>plebs</span> <span class='ocrx_word' id='word_1_468' title='bbox 1547 2651 1655 2674; x_wconf 76' lang='lat' dir='ltr'>reve-</span> 
     </span>
     <span class='ocr_line' id='line_1_79' title="bbox 977 2689 1655 2726; baseline 0.001 -1"><span class='ocrx_word' id='word_1_469' title='bbox 977 2696 1115 2725; x_wconf 83' lang='lat' dir='ltr'>reretur</span> <span class='ocrx_word' id='word_1_470' title='bbox 1125 2695 1311 2725; x_wconf 62' lang='lat' dir='ltr'>senatores</span> <span class='ocrx_word' id='word_1_471' title='bbox 1319 2707 1362 2716; x_wconf 89' lang='lat'>—·</span> <span class='ocrx_word' id='word_1_472' title='bbox 1372 2689 1507 2726; x_wconf 63' lang='lat' dir='ltr'>&amp;aaa</span> <span class='ocrx_word' id='word_1_473' title='bbox 1515 2694 1608 2726; x_wconf 70' lang='lat' dir='ltr'>crois</span> <span class='ocrx_word' id='word_1_474' title='bbox 1619 2691 1655 2726; x_wconf 83' lang='lat' dir='ltr'>in</span> 
     </span>
     <span class='ocr_line' id='line_1_80' title="bbox 976 2741 1655 2789; baseline 0 -11"><span class='ocrx_word' id='word_1_475' title='bbox 976 2754 1012 2778; x_wconf 80' lang='lat' dir='ltr'>ae</span> <span class='ocrx_word' id='word_1_476' title='bbox 1033 2747 1084 2776; x_wconf 75' lang='lat' dir='ltr'>est</span> <span class='ocrx_word' id='word_1_477' title='bbox 1108 2741 1162 2777; x_wconf 70' lang='lat' dir='ltr'>rel</span> <span class='ocrx_word' id='word_1_478' title='bbox 1183 2753 1363 2777; x_wconf 85' lang='lat' dir='ltr'>summum</span> <span class='ocrx_word' id='word_1_479' title='bbox 1382 2742 1573 2789; x_wconf 78' lang='lat' dir='ltr'>imperium</span> <span class='ocrx_word' id='word_1_480' title='bbox 1594 2755 1655 2777; x_wconf 87' lang='lat' dir='ltr'>ur·</span> 
     </span>
    </p>
   </div>
  </div>
 </body>
</html>
