1826 3054
256 222 341 278 432
779 221 1159 268 excussus

253 317 624 367 constructionem
648 318 694 366 in
716 336 844 367 usum
864 335 1019 367 vocare
1041 316 1219 375 debuit,
1257 316 1476 385 siquidem
1492 317 1549 366 ad
1571 337 1669 367 eum

252 396 444 464 primum
465 415 514 446 ea
531 395 717 445 refertur
736 394 831 445 laus
845 432 858 455 ,
883 394 1175 459 Vergiliarum
1198 407 1403 445 exortum
1423 415 1514 444 non
1536 414 1673 463 appa-

251 487 418 525 rentem
434 486 605 524 tantum
626 486 671 524 et
690 473 906 523 heliacum
920 511 933 531 ,
957 473 1035 524 sed
1052 474 1291 524 cosmicum
1309 486 1353 523 et
1368 493 1520 523 verum
1535 492 1672 540 expo·

252 551 391 602 suisse
408 588 421 611 ,
446 562 612 619 etpost
623 550 716 616 ejus
735 561 930 617 tempora
942 587 956 609 ‚
981 549 1291 600 accedentibus
1302 549 1398 599 aliis
1410 551 1561 607 etiam,
1576 569 1672 616 quae

250 651 300 681 ex
325 630 395 680 his
415 630 589 679 ortibus
604 641 648 679 et
665 629 894 679 occasibus
910 629 1119 679 notandis
1140 629 1453 696 sperabantur,
1477 649 1672 678 commo-

251 707 341 765 dis,
369 718 488 755 certo
510 718 555 755 et
570 705 802 755 artificiose
823 704 1094 774 reliquorum
1111 705 1242 755 etiam
1263 705 1454 755 siderum
1476 717 1672 772 tempora

249 795 402 832 notata
425 801 519 831 esse
543 781 804 831 invenimus.
828 781 1139 832 Cemebantur
1151 781 1243 831 haec
1263 780 1489 830 commoda
1507 782 1554 829 in
1566 781 1670 830 anui

249 872 560 927 tempestatum
579 860 798 909 variarum
820 878 873 908 ex
895 859 1090 909 siderum
1107 859 1305 908 motibus
1327 859 1560 927 praesagio,
1577 871 1670 907 tum

248 940 303 988 ad
325 938 658 1003 agriculturam,
680 950 774 988 tum
793 939 849 988 ad
868 957 1044 988 omnem
1067 939 1200 987 vitam
1219 938 1472 987 utilissimo.
1495 939 1671 987 Meteo-

247 1016 390 1079 rologi
406 1016 522 1065 enim
533 1053 546 1071 ,
573 1015 690 1064 sicut
699 1014 832 1064 hodie
842 1013 888 1063 id
900 1026 1051 1078 agunt,
1068 1026 1155 1064 ute
1172 1014 1285 1063 lunae
1299 1014 1483 1063 diversis
1500 1013 1671 1063 vicibus

247 1106 556 1162 tempestatum
580 1093 849 1143 mutationes
870 1094 1158 1160 praesagiant,
1189 1106 1292 1142 tunc
1325 1093 1539 1160 temporis
1572 1113 1672 1142 om-

244 1194 324 1225 nes
335 1173 448 1223 aeris
462 1173 728 1223 mutationes
742 1184 786 1222 et
802 1172 1033 1240 temperies
1045 1209 1058 1231 ,
1076 1184 1229 1221 ventos
1240 1210 1252 1229 ,
1266 1171 1460 1239 pluvias,
1474 1184 1554 1220 etc.
1571 1191 1670 1220 cum

244 1252 374 1303 certis
400 1251 591 1301 siderum
617 1249 792 1298 ortibus
814 1260 860 1298 et
883 1249 1113 1298 occasibus
1136 1249 1393 1315 conjunctas
1416 1266 1509 1297 esse
1527 1285 1540 1304 ‚
1559 1259 1604 1296 et
1625 1267 1669 1295 re

246 1349 346 1379 vera
371 1329 427 1379 ab
452 1329 508 1378 iis
537 1327 754 1395 pendere,
779 1327 1133 1384 arbitrabantur;
1156 1338 1288 1393 atque
1310 1337 1589 1393 tempestates
1612 1328 1671 1374 ita

243 1426 364 1474 aeque
379 1425 428 1455 ac
445 1405 639 1457 siderum
657 1416 807 1455 motus
824 1416 944 1453 certo
960 1423 1042 1454 suo
1062 1416 1257 1470 tempore
1274 1404 1413 1453 redire
1430 1416 1472 1452 et
1491 1405 1668 1471 praedici

243 1502 376 1553 posse
394 1483 644 1533 credebant.

308 1567 548 1617 Maximam
569 1567 661 1616 haec
673 1585 744 1616 res
758 1566 813 1616 ad
827 1566 1087 1634 popularem
1099 1584 1229 1615 usum
1248 1566 1336 1614 vim
1354 1566 1525 1614 habuit.
1542 1565 1669 1615 Cele-

241 1643 424 1695 berrimi
440 1644 576 1708 igitur
593 1643 686 1708 ejus
701 1642 912 1709 temporis
923 1642 1180 1700 astronomi,
1199 1642 1447 1691 rationibus
1459 1641 1515 1691 ad
1532 1654 1669 1692 astro-

244 1720 437 1770 nomiam
462 1719 720 1788 sphaericam
740 1719 972 1770 subductis
986 1756 1000 1778 ,
1025 1717 1212 1782 singulis
1235 1718 1395 1767 diebus
1415 1730 1506 1767 tum
1524 1731 1669 1767 certos

245 1797 437 1848 siderum
457 1808 582 1847 ortus
598 1807 643 1845 et
655 1814 838 1846 occasus
849 1833 861 1852 ,
885 1807 931 1845 et
948 1813 1075 1844 veros
1090 1807 1135 1845 et
1144 1806 1407 1861 apparentes
1424 1794 1506 1858 (ut
1526 1794 1671 1843 kalen-

245 1873 365 1924 daria
388 1892 438 1922 ex
458 1873 512 1922 iis
532 1883 736 1940 excerpta
757 1871 968 1937 docent);
987 1883 1082 1920 tum
1105 1882 1244 1921 certas
1267 1882 1546 1938 tempestates
1568 1890 1666 1919 cum

244 1951 299 2002 iis
308 1952 585 2018 conjunctas,
602 1962 819 2018 quatenus
827 1949 1094 2017 experientia
1110 1950 1339 2007 docuerat,
1351 1949 1665 2016 adposuerunt.

242 2030 411 2086 Meton,
439 2029 667 2085 Eudoxus,
692 2031 961 2087 Euctemon,
983 2029 1290 2087 Democritus,
1312 2029 1546 2096 Calippus,
1571 2031 1667 2078 Do-

243 2108 434 2166 sithens,
455 2107 634 2156 nomina
652 2106 727 2155 illa
749 2106 936 2155 celebria
953 2106 1098 2164 suere,
1123 2106 1168 2154 in
1185 2125 1375 2173 quorum
1398 2106 1667 2155 observatio-

244 2184 400 2240 nibus,
424 2202 513 2233 non
537 2202 689 2232 eorum
709 2182 855 2232 solum
873 2194 1068 2249 tempore
1087 2183 1163 2231 sed
1182 2195 1225 2231 et
1243 2195 1419 2250 postea,
1444 2181 1623 2251 plurimi
1642 2203 1663 2231 e

246 2261 411 2311 Graecis
433 2273 477 2309 et
500 2260 711 2309 Romanis
735 2259 795 2307 ob
822 2258 1089 2321 singularem
1116 2258 1347 2307 utilitatem
1364 2297 1375 2317 ,
1401 2260 1483 2308 etsi
1506 2259 1565 2306 ob
1587 2260 1663 2307 ειη-ἱ

240 2351 285 2389 et
307 2339 418 2389 situs
440 2339 733 2393 diversitatem
757 2337 904 2387 minus
929 2338 1232 2396 convenirent,
1250 2338 1521 2405 acquiescere
1544 2337 1662 2386 soliti

242 2431 346 2469 sunt
373 2424 402 2466 ¹.
429 2419 495 2466 Ut
522 2417 568 2467 in
591 2417 715 2466 fastis
740 2415 981 2484 postmodo
1010 2417 1161 2464 Romae
1192 2416 1353 2465 sactum
1385 2427 1471 2471 est,
1506 2416 1563 2463 ita
1596 2427 1663 2463 ta-

240 2496 383 2555 bulae,
408 2495 455 2544 in
475 2494 641 2564 quibus
659 2495 749 2543 haec
771 2504 922 2542 notata
943 2492 1062 2541 suere
1075 2529 1087 2550 ,
1112 2491 1158 2540 iu
1182 2492 1355 2541 Graeciae
1374 2491 1562 2540 urbibus
1581 2512 1661 2559 pu-

285 2635 296 2654 ¹
321 2632 426 2668 Valet
442 2631 486 2668 de
502 2631 555 2668 liis
577 2631 807 2667 obser-vatim.
825 2629 919 2675 quod
985 2637 1123 2671 Adfui-u
1133 2637 1223 2663 nono-
1236 2637 1358 2670 campa·
1374 2637 1551 2663 dmum-m:

244 2683 307 2721 alia
316 2682 359 2720 de
372 2696 409 2719 re
423 2684 544 2720 Festus
557 2683 713 2718 Avienus
725 2683 854 2728 Progn.
866 2683 919 2725 45:
986 2686 1140 2720 Ima-tufa
1151 2687 1247 2712 σιὼ-ι’·
1259 2702 1270 2718 ,
1282 2687 1366 2712 muz«
1380 2695 1433 2711 m·
1446 2687 1544 2712 cm..
1556 2687 1645 2712 solu.-

240 2746 314 2771 ΙΙΙιυ
325 2744 357 2770 ιδ
369 2752 488 2770 nume-ros·
500 2744 599 2777 prutina·
611 2743 734 2769 arm-⁴·-
749 2751 852 2768 ωιυιι
984 2734 1106 2761 ΡΙΜῘΝΨ
1115 2754 1123 2765 ι
1136 2741 1164 2761 ⁹¹
1172 2733 1261 2768 'ssa‘-
1272 2742 1402 2761 'mat-⁴¹¹
1414 2738 1485 2763 nuit
1498 2746 1526 2761 ι·
1536 2744 1627 2762 «Μαι.
