1826 3054
508 234 911 279 FASTORUM
948 235 1084 278 LIB.
1130 236 1189 280 V.

1466 239 1546 282 351

141 329 325 379 Lumina
348 328 572 376 restabant
587 364 598 384 ‚
623 345 808 393 quorum
831 345 900 375 me
926 345 1054 375 causa
1071 325 1262 384 latebat3

205 409 356 471 Quum
380 406 441 453 sic
466 423 635 461 errores
657 403 840 452 abstulit
862 403 937 451 illa
961 422 1081 452 meos
1101 424 1111 451 ε

141 483 221 530 Vel
247 483 349 548 quia
370 481 602 548 purpureis
624 480 843 529 collucent
862 481 1048 529 floribus
1072 481 1189 543 agri,

205 560 389 608 Lumina
413 570 515 606 sunt
540 569 718 606 nostros
742 558 831 607 visa
857 559 1007 606 decere
1025 558 1117 606 dies
1138 578 1148 606 ε

142 637 221 684 Vel
248 637 347 703 quia
371 654 449 684 nec
471 635 552 685 flos
574 648 640 684 est
662 637 812 684 hebeti
833 655 914 685 nec
937 636 1108 685 flamma
1131 635 1295 694 colore,

1479 652 1552 688 ’365

204 716 352 779 Atque
373 712 523 762 oculos
544 713 591 760 in
613 732 658 762 se
680 712 889 780 splendor
913 727 1098 780 uterque
1122 713 1257 761 trahit
1276 733 1286 760 z

141 790 221 837 vel
239 791 346 856 quia
371 790 537 840 deliciis
559 804 772 840 nocturna
798 791 972 840 licentia
994 791 1158 839 nostris

206 869 487 925 ConvenitJa
511 888 612 917 vero
638 869 767 917 tertia
791 888 919 918 causa
939 872 1071 917 venit.

141 947 222 994 Est
243 946 372 994 breve
396 958 602 1013 praeterea
618 985 630 1005 ,
656 946 708 994 de
730 966 819 1013 quo
837 947 946 995 mihi
971 966 1160 1013 quaerere
1178 959 1332 1004 restat,

206 1022 254 1069 Si
277 1022 425 1080 liceat,
452 1023 542 1071 dixi
562 1043 571 1070 :
594 1024 706 1072 dixit
730 1037 772 1072 et
790 1024 890 1083 illa,
916 1025 1054 1074 Licet.

145 1099 236 1146 Cur
258 1099 338 1147 tibi
363 1120 445 1167 pro
469 1100 626 1167 libycis
651 1101 910 1151 claudantur
931 1115 1023 1151 rete
1047 1102 1194 1151 leaenis

209 1175 414 1224 imbelles
437 1195 629 1243 capreae,
658 1178 960 1245 sollicitusque
977 1177 1136 1246 lepus}>

146 1298 302 1320 rosarum
317 1298 335 1320 e
350 1286 460 1321 Florae
476 1286 603 1332 capillis
618 1286 819 1324 cadentium

147 1338 335 1373 multitudo
356 1339 559 1374 declaratur.

190 1390 356 1424 361-368.
372 1391 477 1426 Faces
492 1392 755 1426 accensa—Me
766 1394 823 1425 Ia-

147 1444 259 1484 tebat3
278 1442 486 1476 Burmanno
503 1443 640 1478 latinius
659 1443 798 1477 videtur
812 1468 822 1486 ‚

148 1494 240 1538 quod
259 1495 428 1530 Mazarin.
443 1496 547 1531 habet
560 1522 569 1539 ,
587 1498 672 1531 mihi
683 1499 822 1531 latebat.

148 1545 239 1580 Vide
257 1547 477 1582 Gronovium
495 1548 537 1582 ad
556 1549 679 1583 Senec.
701 1548 821 1594 OEdip.

148 1600 222 1644 295.
238 1617 281 1624 -—
297 1599 419 1634 Burm.
444 1602 675 1635 accusativum
694 1613 745 1633 me
759 1613 824 1644 per

148 1650 363 1693 graecismum
382 1652 533 1686 excusari
552 1657 669 1696 putat;
689 1650 823 1695 quidvis

149 1701 190 1734 ad
202 1700 267 1736 hoc
283 1701 371 1737 dicat
383 1728 393 1746 ‚
411 1716 474 1748 ego
490 1703 535 1737 illi
550 1715 623 1737 non
637 1702 823 1738 adsentior.

150 1754 214 1787 Ed.
229 1772 273 1780 —-
290 1757 441 1796 Etruros,
461 1756 766 1800 incertitudinem,
785 1764 825 1792 ut

150 1818 251 1850 supra
259 1807 447 1852 aliquoties.
456 1809 734 1843 Fluctuationem
746 1822 826 1853 poe-

153 1864 196 1891 tae
220 1859 377 1894 referunt
399 1874 517 1896 versus
540 1875 624 1906 seqq
648 1875 756 1906 usque
782 1861 825 1895 ad

157 1911 322 1946 Convenit.
336 1912 430 1946 Tum
443 1914 545 1947 Flora
559 1926 641 1948 eum
659 1913 827 1958 interpel—

155 1961 199 1995 lat
212 1969 246 1996 et
257 1963 441 1998 certiorem
453 1964 567 1998 reddit
576 1965 707 2000 verbis:
719 1980 741 1999 a
752 1979 827 1999 vero

155 2017 251 2047 {ertia
267 2027 373 2048 causa
387 2020 486 2050 venit.
494 2034 538 2042 ·-—
547 2018 711 2060 Purpureae’
724 2016 828 2051 flores

158 2065 266 2109 poetis
282 2067 428 2100 omnino
445 2075 526 2102 sunt
542 2067 672 2113 pulchri
686 2094 694 2110 ,
713 2068 827 2103 colore

155 2118 345 2162 splendido.
372 2121 544 2154 Collucent
556 2123 634 2163 agri
643 2119 829 2154 hominum

157 2173 308 2214 operibus
323 2171 406 2205 dixit
420 2171 545 2206 Cicero
558 2172 635 2206 Nat.
652 2171 760 2205 Deor.
774 2172 809 2206 II
819 2197 829 2214 ,

159 2223 219 2270 393
236 2223 294 2257 sed
309 2236 405 2258 nunc
418 2237 498 2258 cum
516 2224 547 2258 vi
565 2225 735 2269 positum,
751 2225 831 2268 quia

159 2276 316 2309 luminum
331 2275 419 2309 ratio
434 2275 602 2309 redditur.
610 2294 652 2300 —
661 2276 731 2310 Pro
731 2278 834 2319 flori-

162 2329 222 2360 bus
231 2327 368 2362 Marsus
381 2326 489 2361 edidit
499 2330 631 2371 ignibus
641 2355 648 2366 ‚
668 2334 770 2372 atque
785 2327 832 2361 ita

162 2385 198 2412 et
213 2391 303 2413 unus
318 2379 452 2413 Heinsii
468 2379 586 2413 codex.
599 2381 699 2423 Ignes
714 2385 831 2412 autem

163 2442 259 2475 posse
269 2431 372 2466 flores
383 2431 491 2476 igneis
506 2431 677 2466 coloribus
690 2430 834 2476 intelligi

165 2482 385 2518 Burmannus
393 2483 556 2528 exemplis
567 2482 835 2517 docet—Hebes

165 2534 259 2567 color
282 2541 332 2569 est
357 2535 520 2570 obscurus
539 2560 549 2578 ‚
578 2547 650 2570 non
677 2534 808 2569 lucidus
823 2548 832 2576 ;

166 2585 259 2619 unde
276 2592 311 2620 et
325 2588 474 2621 hebetare
495 2600 558 2632 pro
574 2587 756 2621 obscurare
771 2597 836 2630 po-

166 2637 271 2671 nitur.
291 2655 334 2663 —-
354 2640 464 2672 Causa
480 2643 587 2682 vem't‚·
605 2651 694 2672 unus
711 2636 837 2671 Medi-

167 2703 247 2724 ceus
254 2690 329 2733 suit
339 2704 349 2724 .-
365 2691 529 2727 Heinsius
548 2692 784 2737 conjicitfluil.

213 2742 287 2787 37¹·
303 2743 485 2777 Venatorii
505 2743 575 2778 ludi
588 2769 597 2786 ‚
625 2743 718 2778 haud
734 2742 836 2777 dubie

884 1288 919 1322 in
939 1288 1030 1322 circo
1050 1288 1172 1334 Florae.
1193 1287 1329 1322 Eorum
1344 1287 1508 1323 meminit
1525 1296 1561 1322 et

885 1339 1056 1374 Martialis
1074 1365 1083 1382 ‚
1109 1340 1201 1378 vm
1214 1365 1223 1383 ,
1241 1339 1282 1384 57
1302 1352 1310 1373 ε
1331 1353 1348 1368 «
1367 1339 1559 1374 Floralicias

887 1405 904 1421 υ
921 1391 1022 1425 lasset
1035 1404 1141 1425 arena
1151 1390 1251 1425 seras.
1263 1405 1280 1420 »
1293 1391 1492 1425 Venatoriis
1509 1391 1563 1425 lu-

886 1443 939 1478 dis
961 1443 1167 1488 plerumque
1189 1441 1424 1477 inserviebant
1442 1443 1564 1477 belluae

884 1497 1019 1541 libym,
1037 1495 1214 1540 pantherae
1233 1495 1392 1540 inprimis
1404 1521 1413 1538 ,
1432 1507 1509 1539 quae
1529 1503 1565 1529 et

886 1548 1087 1593 simpliciter
1126 1547 1289 1591 asrt'canoe
1327 1547 1533 1582 dicebantur
1553 1563 1563 1588 ς

887 1599 1021 1635 Plinius
1033 1626 1042 1642 ,
1061 1599 1113 1634 Vl
1125 1626 1135 1643 ,
1153 1600 1218 1645 Ep.
1234 1610 1346 1633 xxxw
1360 1626 1369 1643 ,
1388 1599 1418 1634 3.
1439 1600 1510 1634 Sed
1527 1601 1565 1634 in

887 1652 1079 1686 Floralibus
1100 1652 1197 1686 mitia
1216 1651 1378 1685 animalia
1394 1653 1566 1686 commit-

888 1704 1072 1743 tebantur;
1095 1702 1223 1738 Caelius
1240 1703 1458 1748 Rhodiginus
1479 1702 1566 1737 An-

889 1754 949 1799 tiq.
970 1753 1046 1788 lect.
1067 1754 1193 1798 XXV,
1214 1755 1258 1788 30
1276 1767 1286 1789 z
1306 1753 1417 1788 Galba
1438 1762 1568 1799 praetor

890 1805 1163 1840 «commissione
1186 1805 1351 1840 ludorum
1374 1805 1567 1840 Floralium

891 1872 909 1886 »
923 1869 1054 1891 novum
1069 1857 1252 1902 spectaculi
1263 1870 1390 1902 genus,
1405 1857 1566 1903 elephan-

891 1922 909 1937 »
921 1915 973 1943 tos
980 1907 1202 1943 funambulos
1209 1908 1327 1944 edidit.
1336 1923 1352 1939 »
1360 1910 1402 1944 In
1412 1910 1502 1944 circo
1510 1923 1569 1944 au-

891 1967 964 1994 tem
973 1961 1176 1995 venationes
1187 1973 1258 1995 esse
1265 1961 1374 1995 editas
1381 1968 1416 1996 et
1426 1961 1567 1997 aliunde
1589 1972 1596 1980 ·

890 2022 1025 2049 constat
1036 2029 1044 2056 ;
1057 2014 1247 2049 Suetonius
1263 2013 1370 2060 Calig.
1387 2016 1472 2049 18:«
1487 2015 1571 2049 Edi—

893 2081 911 2095 »
929 2066 979 2101 dit
995 2074 1030 2101 et
1047 2065 1228 2101 Circenses
1239 2093 1248 2110 ,
1264 2067 1449 2112 interjecto
1460 2068 1571 2102 modo

893 2129 912 2145 τ»
929 2116 1160 2151 africanarum
1179 2118 1365 2153 venatione
1380 2132 1389 2160 ;
1410 2134 1427 2148 »
1445 2118 1571 2153 Claud.

895 2181 934 2201 21
961 2181 969 2203 ε
995 2183 1012 2198 «
1037 2170 1193 2214 permisit
1218 2169 1438 2205 Circensium
1463 2171 1573 2216 gratia

897 2235 914 2250 »
931 2220 1096 2255 africanas
1114 2222 1333 2267 importari.»
1350 2242 1394 2248 —
1409 2225 1494 2258 Rete
1509 2237 1573 2269 pro

893 2277 966 2308 reti.
980 2274 1079 2308 Ferae
1096 2275 1132 2308 in
1147 2287 1251 2309 arena
1268 2275 1314 2310 ita
1332 2276 1570 2321 agitabantur,

895 2332 935 2359 ut
961 2326 996 2359 in
1024 2326 1111 2360 retia
1141 2326 1383 2369 incurrerent3
1409 2328 1543 2362 Plinius
1561 2354 1571 2372 ,

896 2377 1067 2424 Panegyr.
1082 2377 1236 2414 LXXXI
1247 2405 1256 2422 ,
1271 2379 1292 2414 3
1303 2405 1313 2422 ,
1330 2379 1420 2414 seras
1432 2382 1577 2414 emissas

895 2431 1051 2473 colligere
1073 2428 1166 2464 dixit.
1189 2448 1233 2456 —
1256 2432 1327 2466 Cur
1346 2434 1569 2472 claudantur,

896 2482 1022 2516 scilicet
1033 2494 1188 2526 quaerere
1199 2489 1322 2526 restat,
1334 2495 1352 2517 e
1363 2483 1478 2528 primo
1490 2484 1577 2518 Am*

897 2533 1162 2574 brosiano‚Laeti
1171 2541 1206 2569 et
1213 2542 1363 2579 quatuor
1370 2535 1441 2570 aliis
1450 2535 1574 2571 Heius.

898 2586 1015 2630 dedit,
1033 2593 1071 2621 ut
1087 2588 1263 2632 superiora
1277 2588 1335 2622 illa
1349 2592 1386 2623 si
1394 2591 1498 2623 liceat
1510 2597 1575 2624 etc.

899 2646 938 2672 ut
951 2640 1048 2673 estin
1063 2637 1200 2673 Ersord.
1213 2653 1275 2685 per
1286 2640 1508 2685 parenthesin
1523 2641 1577 2676 le—

900 2697 1046 2735 gantur;
1064 2690 1179 2725 caeteri
1193 2692 1577 2738 ebrudunum—Regius

900 2755 991 2777 unus
1021 2756 1040 2777 a
1064 2755 1174 2778 manu
1199 2743 1310 2789 prima
1328 2769 1338 2787 ,
1366 2757 1431 2787 pro
1463 2747 1575 2789 libyco*
