1826 3054
511 223 904 270 FASTORUM
927 226 1067 271 LIB.
1110 230 1147 271 Ι.

122 321 183 367 At
208 338 285 367 cur
307 317 403 366 laeta
427 318 516 365 tuis
536 317 748 366 'dicuntur
770 318 903 367 verba
926 318 1163 376 Kalendis;

1480 334 1540 380 ¹75

185 398 245 444 Et
269 395 420 443 damus
439 394 627 444 alternas
642 433 654 452 ‚
679 396 1004 462 accipimusque
1027 396 1212 462 preces?

121 474 235 521 Tum
256 473 379 520 Deus
402 471 664 520 incumbens
687 471 868 529 baculo,
896 491 1025 538 quem
1049 472 1198 521 dextra
1219 472 1421 535 gerebat:

118 580 123 585 ·
187 549 347 596 Omina
370 548 601 615 principiis
617 587 628 606 ‚
651 549 822 615 inquit,
848 549 989 597 inesse
1013 547 1170 597 solent.

119 624 191 673 Ad
215 625 399 691 primam
421 627 569 674 vocem
594 626 769 675 timidas
790 626 1015 674 advertitis
1038 645 1192 675 aures:

184 703 243 749 Et
267 703 399 750 visam
423 703 615 769 primum
637 703 833 752 consulit
855 723 996 766 augur
1014 723 1148 752 avem.

1478 719 1540 752 180

119 778 299 845 Templa
320 791 496 846 patent,
521 799 733 847 auresque
756 781 898 828 Deum
920 800 929 828 :
949 799 1027 828 nec
1051 780 1200 843 lingua
1224 779 1408 829 caducas

187 856 393 923 Concipit
413 856 488 905 illa
513 875 688 923 preces;
715 857 918 924 dictaque
941 858 1118 924 pondus
1141 858 1320 906 habent.

122 933 322 981 Desierat
343 934 494 999 paucis
515 953 524 981 ε
547 952 626 981 nec
650 933 781 996 longa
803 934 974 983 silentia
996 936 1104 993 feci;

186 1009 274 1058 Sed
297 1010 421 1072 tetigi
443 1009 589 1058 verbis
612 1009 766 1059 ultima
787 1013 919 1060 verba
941 1014 1077 1062 meis:

123 1086 245 1149 Quid
267 1086 361 1134 vult
381 1086 526 1152 palma
550 1087 637 1135 sibi
659 1107 907 1155 rugosaque
933 1091 1073 1139 carica
1088 1128 1099 1148 ‚
1129 1090 1245 1148 dixi,

1479 1102 1539 1138 185

187 1164 247 1210 Et
271 1163 370 1211 data
393 1163 476 1211 sub
498 1164 626 1211 niveo
649 1165 832 1214 candida
856 1166 984 1215 mella
1007 1167 1152 1216 cado?

125 1241 295 1299 Omen,
320 1241 405 1299 ait,
429 1260 557 1289 causa
582 1253 677 1298 est,
702 1254 753 1290 ut
774 1262 844 1291 res
867 1262 1000 1309 sapor
1022 1243 1094 1291 ille
1118 1255 1351 1310 sequatur,

187 1319 247 1365 Et
266 1330 447 1384 peragat
468 1330 660 1384 coeptum
685 1318 827 1367 dulcis
853 1331 902 1368 ut
924 1339 1065 1368 annus
1089 1320 1183 1368 iter.

179 1433 342 1477 175-182.
361 1434 415 1467 De
434 1435 522 1467 lem·
538 1436 798 1477 precationibus.

125 1485 248 1528 Quem,-
260 1485 421 1520 Heinsius
433 1486 531 1520 malit
541 1488 634 1531 quod,
650 1486 731 1531 quia
742 1489 799 1520 ba-

119 1539 229 1571 culum
240 1543 366 1571 neutro
374 1550 501 1583 genere
513 1538 549 1573 11
561 1538 707 1573 Metam.
721 1539 795 1586 789,

119 1588 254 1634 legitur.
271 1588 342 1623 Sed
359 1602 431 1624 non
447 1597 518 1633 est,
536 1603 598 1624 cur
617 1590 732 1625 invitis
748 1591 797 1624 li-

119 1641 190 1676 bris
196 1654 272 1676 eam
281 1642 430 1676 sormam
443 1642 796 1688 adoptemus.—0me‘-

119 1705 165 1726 aa
194 1699 258 1728 etc.
292 1693 414 1739 Itaque
440 1701 476 1729 et
493 1707 642 1740 ,operam
668 1694 797 1729 dabant

120 1742 295 1787 Romani,
320 1751 359 1778 ut
380 1745 555 1779 orationes
574 1745 688 1779 verbis
706 1745 796 1779 bene

119 1794 280 1829 ominafis
295 1796 610 1841 auspicarentur.—
622 1799 791 1836 Consulit,

119 1847 267 1892 auspicia
274 1848 574 1894 capit.—Caducoe,
585 1861 660 1894 quae
667 1849 728 1884 cad
734 1856 797 1884 unt

120 1898 164 1932 ad
173 1899 312 1933 irritum
321 1925 330 1942 ,
340 1912 410 1934 non
422 1900 592 1934 exaudiun
598 1902 796 1935 tun—Con-

120 1952 347 1994 ciperepreces
358 1963 431 1985 non
443 1950 549 1985 modo
558 1951 602 1986 de
613 1958 732 1986 mente
742 1951 796 1986 di-

121 2001 232 2043 citur,
254 2012 330 2045 quae
345 2013 402 2035 eas
416 2002 583 2045 excogitat
594 2028 603 2046 ,
621 2001 681 2036 sed
698 2009 733 2036 et
752 2002 795 2036 de

122 2051 239 2097 lingua
251 2077 260 2093 ,
277 2063 355 2096 quae
370 2064 426 2086 eas
442 2051 574 2097 profert
586 2068 594 2094 ;
607 2054 699 2088 vm
713 2054 797 2088 Me·-

122 2108 204 2136 tam.
217 2103 291 2137 682.
303 2121 347 2127 —
360 2104 496 2137 Pondus
512 2104 635 2137 habent
644 2130 653 2144 ,
674 2104 798 2149 quibus

122 2160 268 2188 eventus
285 2160 417 2188 constat
437 2167 445 2193 ς
475 2153 526 2188 IX
545 2154 690 2190 Metam.
708 2156 797 2203 493,

123 2209 254 2239 somm'a
263 2207 396 2249 pondus
411 2207 543 2240 habent.

171 2258 333 2292 183-226.
358 2258 498 2297 Sta-ne,
521 2256 564 2292 de
584 2257 708 2302 quibus
730 2258 798 2292 vid.

124 2311 363 2344 Frankenstein
370 2309 408 2344 in
418 2309 515 2354 Disp.
528 2309 571 2344 de
583 2323 676 2344 novo
683 2322 778 2344 auno
786 2337 797 2354 ‚

124 2373 196 2405 cap.
214 2363 243 2404 4.
259 2361 391 2395 Earum
408 2361 580 2406 originem
597 2361 639 2395 ad
655 2362 799 2396 Tatium

124 2423 244 2457 regem
257 2411 365 2446 refert
380 2412 580 2459 Symmach.
594 2432 636 2439 —
652 2415 795 2454 Paucis,

126 2474 233 2506 pauca
248 2462 381 2497 locutus
393 2489 403 2507 ,
420 2463 570 2508 praetulit
583 2464 749 2499 Heinsius
758 2477 800 2499 ex

128 2525 202 2547 uno
223 2512 391 2554 Mazarjn.
415 2526 499 2548 nam
522 2515 645 2559 reliqui
670 2515 800 2550 habent

127 2565 246 2600 Jam.
259 2566 356 2600 —In
373 2567 497 2601 strenis
511 2574 612 2601 erant
627 2575 775 2615 caryotae
787 2594 797 2611 ,

124 2617 245 2659 palme
258 2614 407 2660 fructus,
429 2630 515 2652 auro
536 2618 670 2659 oblitae;
693 2620 801 2653 Mar-

130 2667 237 2710 tialis,
255 2667 362 2711 XIII,
380 2669 497 2715 Epigr.
521 2682 560 2715 27
576 2684 584 2711 ς
603 2671 718 2714 V111,
736 2671 797 2713 33,

131 2733 150 2748 u
166 2719 246 2755 Hoc
270 2720 390 2756 linitur
414 2722 527 2768 Sputo
554 2723 636 2758 Jani
661 2730 800 2770 caryota

865 1449 883 1465 κ
902 1434 1072 1470 Kalendis
1083 1461 1093 1478 ,
1114 1434 1237 1480 Quam
1253 1435 1323 1470 sert
1338 1447 1420 1469 cum
1433 1447 1540 1480 parvo

864 1501 881 1516 »
897 1486 1056 1522 sordidus
1066 1500 1137 1523 asse
1145 1488 1261 1523 cliens.
1270 1489 1460 1526 ›n—Cadus,
1469 1500 1539 1528 vas,

859 1539 963 1574 variis
988 1539 1092 1574 rebus
1117 1539 1323 1585 recipiendis
1357 1539 1510 1573 serviens
1530 1563 1540 1581 ‚

862 1590 968 1624 etiam
982 1590 1086 1625 melli.
1102 1590 1272 1625 Martialis
1281 1615 1291 1632 ‚
1301 1591 1331 1633 Ι,
1343 1591 1376 1633 4,
1386 1604 1404 1620 «
1417 1590 1543 1625 Flava-

861 1655 929 1687 que
942 1642 985 1677 de
995 1643 1103 1677 rubro
1112 1655 1276 1689 promere
1285 1642 1389 1677 mella
1406 1641 1503 1676 cado.
1519 1655 1538 1671 ιο

862 1693 933 1728 Sed
944 1693 980 1729 in
993 1694 1118 1729 strenis
1127 1698 1241 1729 πίκω-
1251 1694 1356 1730 cadus
1368 1721 1376 1735 ‚
1394 1694 1543 1728 candida

862 1744 964 1778 mella
976 1771 986 1788 ,
1004 1757 1080 1790 quae
1096 1745 1237 1790 optima.
1254 1742 1459 1779 Lectionem
1478 1757 1542 1778 au·-

860 1803 933 1831 tem
951 1796 1041 1832 hane
1054 1797 1233 1843 composui
1253 1809 1272 1831 e
1289 1797 1425 1842 vulgata
1447 1803 1482 1830 et
1500 1809 1542 1830 ex

860 1860 900 1882 ea
912 1874 922 1891 ‚
940 1861 1044 1892 quam
1059 1848 1224 1882 Heinsius
1236 1849 1438 1883 auctoritate
1449 1849 1541 1882 Vos-

859 1899 949 1934 sian.
964 1899 1099 1935 Arund.
1110 1907 1144 1934 et
1152 1900 1297 1934 aliorum
1309 1899 1543 1945 quorumdam

860 1950 1006 1985 induxit.
1019 1950 1080 1985 Illa
1092 1951 1188 1985 enim
1198 1957 1268 1995 est,
1280 1954 1342 1985 sub
1353 1954 1448 1986 niveo
1459 1964 1543 1986 con-

860 2006 933 2038 dita
944 2006 1044 2038 mella
1052 2006 1158 2046 cado‚·
1175 2003 1248 2038 haec
1258 2029 1269 2046 ‚
1282 2006 1343 2038 sub
1352 2008 1446 2038 niveo
1458 2017 1543 2038 can-

860 2059 943 2091 dida
956 2059 1058 2090 mella
1058 2056 1156 2101 savo.
1172 2056 1309 2090 Verum
1326 2069 1390 2091 cur
1402 2057 1542 2090 condita

860 2108 918 2143 hic
936 2115 1261 2143 commemorentur
1278 2134 1288 2152 ,
1317 2120 1388 2142 non
1418 2107 1540 2142 video:

859 2167 981 2196 contra
993 2167 1035 2209 τῷ
1046 2162 1193 2195 candida
1202 2173 1263 2196 sua
1280 2167 1415 2195 constat
1438 2160 1539 2194 ratio.
1574 2200 1577 2202 μ

861 2213 986 2258 Neque
1002 2215 1107 2247 ‘mella
1121 2216 1183 2247 sub
1192 2213 1280 2258 fauo
1302 2213 1413 2259 placet
1425 2239 1434 2256 ,
1457 2225 1541 2258 quo-

862 2277 1012 2309 cumque
1028 2265 1134 2300 etiam
1156 2264 1265 2300 modo
1280 2268 1341 2299 sub
1357 2265 1539 2310 interpre-

862 2315 955 2349 teris.
978 2315 1125 2350 Lenzius
1152 2316 1257 2350 vertit
1283 2317 1399 2359 Ilom'g
1417 2319 1453 2349 in
1477 2318 1542 2349 den

866 2365 989 2404 Cellen,
998 2366 1266 2410 Scheibenhom'g.
1278 2366 1335 2400 Sic
1346 2378 1430 2400 vero
1438 2372 1542 2410 poeta

864 2415 1015 2460 epitheta
1037 2418 1132 2449 m'oeo
1153 2418 1299 2450 candida
1321 2422 1452 2450 temere
1472 2429 1541 2451 cu-

863 2465 1038 2500 mulasset.
1051 2465 1307 2500 —Tresnostri
1319 2467 1419 2512 Regii
1434 2466 1542 2502 habe-

863 2517 947 2552 bant
958 2520 1094 2552 condt’m
1103 2521 1238 2560 ...cado,·
1250 2525 1284 2553 at
1294 2518 1329 2552 in
1341 2519 1415 2553 cod.
1425 2519 1455 2553 B
1466 2530 1542 2554 ma*

865 2582 930 2604 nus
949 2570 1119 2615 posterior
1133 2582 1236 2616 supra
1248 2570 1382 2616 scripsit
1393 2573 1543 2606 candida

854 2622 951 2666 savo.
969 2622 1034 2656 Ed.
1049 2640 1093 2647 -
1107 2623 1156 2655 Is!
1169 2634 1221 2656 res
1236 2629 1300 2658 etc.
1317 2630 1354 2657 ut
1369 2635 1423 2658 res
1434 2649 1445 2667 ‚
1462 2636 1541 2668 quae

865 2687 928 2719 per
950 2687 1082 2708 annum
1101 2674 1289 2719 eveniunt,
1314 2675 1430 2710 dulces
1448 2676 1541 2720 sint,

864 2724 1163 2770 quemadmodum
1183 2726 1286 2764 mella
1301 2733 1383 2763 sunt
1399 2725 1521 2762 dulcia.
