1826 3054
531 229 922 275 FASTORUM
959 231 1089 273 LIB.
1119 230 1178 273 V.

1485 227 1572 282 345

160 328 269 375 Rem
294 324 484 392 populus
507 324 664 391 recipit
683 343 693 371 :
716 322 922 372 mulctam
946 323 1117 372 subiere
1140 333 1370 379 nocentes;

224 402 484 460 vindicibus
509 401 627 450 laudi
651 400 826 468 publica
853 420 952 450 cura
973 401 1087 449 fuit:

1509 422 1575 458 290

163 480 327 528 Mulcta
353 480 451 528 data
474 491 540 527 est
561 498 611 527 ex
635 491 759 546 parte
783 479 920 537 mihi;
946 496 1193 544 magnoque
1215 476 1360 525 favore

226 558 424 605 Victores
444 555 571 605 ludos
590 556 815 605 instituere
839 575 990 606 novos.

162 634 288 681 Parte
314 632 457 681 locant,
482 634 638 682 clivum
653 673 665 691 ‚
693 635 769 700 qui
793 646 899 682 tunc
924 644 1015 681 erat
1036 630 1171 680 ardua
1193 648 1350 697 rupes:

230 710 347 759 Utile
372 731 488 759 nunc
514 712 595 759 iter
618 723 709 766 est;
736 710 1072 776 Publiciumque
1093 719 1261 756 vocant.

166 788 323 836 Annua
350 789 610 836 credideram
634 786 878 854 spectacula
901 787 1038 843 facta;
1065 785 1262 848 negavit;

1512 793 1576 840 295

226 865 410 912 Addidit
435 877 478 913 et
501 864 638 912 dictis.
652 863 785 912 altera
808 863 937 912 verba
964 863 1081 912 suis:

162 945 255 992 Nos
282 962 456 1010 quoque
481 943 622 1006 tangit
644 943 791 990 honor
811 962 820 990 :
839 942 962 991 festis
988 941 1224 1004 gaudemus
1249 952 1293 989 et
1315 939 1423 996 aris;

227 1022 465 1088 Turbaque
491 1021 677 1070 caelestes
700 1021 932 1070 ambitiosa
956 1040 1119 1069 sumus.

165 1098 288 1164 Saepe
312 1097 415 1145 deos
437 1096 596 1162 aliquis
620 1097 841 1164 peccando
865 1096 969 1144 fecit
990 1096 1193 1162 iniquos;

231 1174 291 1220 Et
311 1191 393 1239 pro
419 1172 588 1220 delictis
611 1173 757 1221 hostia
782 1171 943 1220 blanda
967 1171 1064 1220 fuit.

169 1290 204 1318 et
221 1296 275 1318 an.
298 1284 361 1326 462
373 1310 383 1327 ,
406 1283 520 1319 aediles
535 1283 670 1319 curules
685 1297 703 1319 e
721 1284 842 1319 multa-

168 1336 241 1370 titia
258 1336 403 1381 pecunia
412 1338 433 1378 ‚1
446 1349 550 1381 quam
562 1336 729 1381 pecuariis
741 1336 843 1381 dam—

168 1389 257 1422 natis
278 1389 490 1434 exegissent,
512 1390 565 1424 vel
583 1389 682 1424 ludos
698 1389 816 1424 fecisse
830 1416 841 1433 ,

167 1440 220 1474 vel
242 1440 331 1474 viam
353 1441 519 1475 stravisse.
544 1443 724 1476 Pecuart’os
749 1441 843 1475 Dra-

168 1492 269 1526 kenb.
280 1499 314 1527 et
328 1493 522 1527 Burmann.
533 1494 731 1538 publicanos
742 1494 843 1527 intel-

168 1543 281 1588 ligunt
292 1557 300 1585 ;
312 1543 446 1579 Stroth.
454 1551 489 1580 et
498 1545 635 1580 Emest.
646 1546 680 1580 in
690 1545 843 1580 Glossar.

169 1595 314 1629 Liviano
327 1595 510 1637 ,homines
525 1597 583 1642 qui
596 1597 775 1631 conductis
789 1609 845 1642 pa-

169 1646 256 1680 scuis
267 1647 409 1691 publicis
421 1661 439 1681 e
452 1661 489 1682 re
501 1648 660 1693 pecuaria
673 1654 844 1692 quaestum

169 1697 350 1738 faciehant.
371 1698 442 1733 Sed
459 1712 532 1733 non
549 1707 709 1744 apparet,
727 1713 790 1733 cur
803 1699 845 1733 ab

171 1750 224 1784 his
245 1751 411 1786 mulctam
427 1751 614 1796 exegerint.
637 1751 722 1786 Sine
738 1751 846 1785 dubio

171 1799 238 1835 hoc
259 1802 403 1836 nornine
428 1802 492 1836 illis
514 1802 597 1837 locis
615 1802 723 1836 iidem
748 1802 848 1837 desi-

174 1860 325 1897 gnantur
337 1879 346 1896 ,
360 1866 445 1898 quos
456 1854 605 1889 Ovidius
617 1854 768 1889 hocloco
780 1867 849 1888 no-

175 1910 234 1937 tat.
245 1922 288 1929 —
299 1906 434 1948 Recipit
446 1906 551 1950 judex
566 1919 698 1940 nomen
716 1913 751 1941 et
765 1920 849 1941 cau-

176 1969 248 1990 sam
262 1982 271 1999 ‚
298 1969 374 2001 quae
400 1957 443 1990 ad
471 1970 554 1991 eum
579 1958 757 2001 desertum
781 1973 849 1994 rem

172 2013 318 2054 populus
331 2013 467 2053 recipit,
498 2011 577 2056 quia
594 2024 650 2046 res
669 2013 705 2045 in
722 2013 851 2056 judicio

177 2061 295 2106 populi
311 2067 384 2095 acta
403 2068 475 2104 est,
501 2062 595 2106 quod
614 2075 654 2096 ex
675 2063 741 2096 alio
762 2064 850 2098 Livii

177 2113 253 2147 loco
269 2113 454 2155 XXXIII,
472 2115 514 2156 42
528 2139 537 2156 ,
559 2121 654 2158 patet
667 2127 674 2147 :
687 2129 704 2143 «ι
717 2114 851 2150 AEdiles

178 2180 196 2196 »
213 2165 319 2210 plebis
335 2166 462 2200 multos
478 2167 657 2211 pecuarios
673 2166 713 2201 ad
733 2167 853 2212 populi

181 2233 198 2249 »
215 2218 384 2262 judicium
410 2217 651 2261 adduxerunt,
671 2232 712 2254 ex
729 2232 853 2254 eorum

180 2286 198 2301 ν
215 2271 400 2306 multatitia
412 2273 558 2316 pecunia
569 2272 680 2307 aedem
693 2273 729 2307 in
741 2274 854 2308 insula

180 2337 197 2352 ›>
214 2323 327 2357 Fauni
342 2322 511 2358 fecerunt.
524 2339 541 2354 »
552 2326 776 2366 -dem-s,
794 2326 854 2370 qui

136 2412 138 2416 ,
180 2388 255 2410 rem
270 2375 467 2411 detulerant
484 2377 526 2411 ad
542 2378 721 2422 populum.
738 2397 781 2404 ·—
797 2379 854 2413 Ab

181 2429 244 2464 hac
255 2432 393 2473 publica
410 2444 492 2465 cura
504 2431 651 2466 Lenzius
667 2439 766 2477 putat
779 2433 855 2467 Pu-

182 2480 300 2515 blicios
315 2481 437 2516 fratres
453 2494 584 2517 nomen
603 2483 753 2518 traxisse.

228 2544 301 2578 ²9¹·
314 2531 426 2567 Florae
439 2545 518 2578 pars
529 2534 647 2569 multae
657 2534 736 2568 data
749 2560 758 2578 ‚
778 2534 858 2579 quia

183 2590 218 2618 et
243 2596 323 2618 arva
348 2592 450 2631 atque
474 2600 600 2632 pascua
622 2588 698 2632 ejus
721 2572 855 2622 numen

183 2635 395 2680 tangebant,
415 2650 503 2673 vers.
526 2639 599 2680 252.
621 2638 714 2673 Data
736 2646 856 2673 autem

183 2685 216 2719 ei
225 2698 303 2730 pars
313 2685 437 2732 duplex
446 2713 456 2730 ,
474 2701 624 2735 namque
639 2697 780 2724 auctore
792 2690 858 2724 Ta-

185 2739 275 2784 cito,
294 2739 568 2791 Annal.11,49;
587 2758 604 2776 α
618 2743 712 2788 juxta
726 2743 858 2780 circum

1516 1182 1583 1215 300

909 1298 927 1314 υ
943 1283 1134 1318 maximum
1147 1282 1236 1317 aedes
1246 1281 1360 1316 Florae
1377 1281 1418 1315 ab
1429 1280 1469 1314 L.
1479 1286 1514 1314 et
1528 1280 1583 1313 M.

909 1350 927 1366 ³»
945 1335 1107 1370 Publiciis
1122 1334 1275 1369 aedilibus
1285 1334 1469 1368 constituta
1482 1339 1553 1375 est,
1565 1347 1582 1362 >²

908 1400 1014 1433 quam
1030 1387 1191 1421 Tiberius
1204 1386 1461 1420 instauravit.—
1469 1387 1586 1419 Victo-

907 1452 960 1474 res
976 1440 1013 1473 in
1030 1439 1086 1474 illa
1102 1451 1222 1480 causa3
1246 1438 1413 1473 Heinsius
1434 1436 1585 1472 malebat

908 1495 1030 1527 ultores
1036 1505 1049 1536 ‚·
1061 1505 1152 1526 unus
1161 1505 1200 1526 ex
1210 1491 1285 1535 eius
1295 1490 1372 1525 cod.
1382 1497 1586 1524 auctores.—

909 1542 968 1581 De
981 1548 1067 1580 clivo
1083 1545 1220 1579 munito
1234 1544 1459 1579 consentiunt
1470 1544 1586 1576 Varro

910 1598 953 1632 de
969 1598 1069 1642 Ling.
1090 1598 1164 1632 Lat.
1185 1596 1255 1639 lv,
1274 1603 1309 1630 et
1326 1595 1449 1630 Festus
1466 1595 1501 1627 in
1519 1593 1585 1628 hoc

910 1650 1027 1684 vocab.
1038 1649 1099 1684 Ille
1111 1648 1207 1683 enim
1217 1648 1290 1682 haec
1303 1647 1407 1681 habet
1417 1659 1425 1680 z
1436 1661 1453 1675 «
1467 1645 1587 1679 Clivus

913 1716 930 1731 >³
949 1701 1122 1736 Publicius
1145 1700 1187 1735 ab
1212 1699 1366 1734 aedilihus
1386 1698 1493 1743 plebis
1512 1698 1589 1731 Pu-

914 1767 931 1783 »
948 1753 1074 1796 bliciis,
1095 1752 1153 1797 qui
1176 1764 1258 1786 eum
1277 1750 1411 1796 publice
1430 1749 1587 1784 aedifica-

914 1820 932 1836 »ι
950 1812 1044 1854 runt.
1058 1821 1074 1835 »
1093 1806 1215 1840 Festus
1235 1804 1352 1847 addit,
1372 1815 1454 1837 eum
1475 1815 1494 1836 a
1514 1803 1589 1836 Pu-

911 1858 1019 1893 bliciis
1039 1858 1216 1892 munitum
1235 1869 1307 1890 esse
1319 1882 1328 1898 ‚
1355 1862 1394 1890 ut
1410 1855 1447 1888 in
1466 1855 1588 1888 Aven-

913 1912 1030 1947 tinum
1049 1910 1204 1947 vehicula
1234 1909 1353 1944 venire
1379 1914 1529 1954 possent.
1545 1924 1588 1934 --

914 1966 1062 2000 locant.
1082 1975 1191 2007 quum
1204 1960 1438 1995 muniendum
1450 1959 1591 1994 redem-

915 2016 983 2051 tori
1005 2015 1193 2058 addicunt,
1218 2013 1367 2048 verbum
1394 2012 1431 2046 in
1460 2012 1524 2047 hae
1551 2025 1590 2046 re

917 2068 1086 2104 solemne.

960 2122 1036 2167 ²95·
1053 2119 1143 2154 Ludi
1158 2119 1206 2153 illi
1218 2118 1325 2154 semel
1342 2124 1480 2152 tantum
1495 2117 1593 2152 exhi-

916 2171 990 2205 biti.
1007 2189 1051 2197 —
1071 2172 1217 2215 Tangit,
1246 2170 1394 2204 oblectat
1408 2194 1417 2212 ‚
1442 2168 1595 2203 suaviter

918 2223 1049 2258 afficit:
1073 2230 1195 2258 contra
1218 2223 1309 2258 VIII
1334 2223 1482 2257 Metam.
1508 2235 1590 2268 279,

918 2277 978 2311 ubi
1001 2277 1124 2312 Dianae
1145 2289 1212 2312 arae
1233 2283 1366 2312 cessant
1383 2288 1391 2310 ε
1416 2277 1541 2318 Tangit
1561 2279 1596 2307 et

917 2332 971 2361 1'ra
984 2330 1125 2362 deos.—
1134 2328 1187 2363 Ut
1206 2328 1262 2362 hic
1276 2330 1375 2362 turba
1390 2328 1588 2364 ambitiosa,

919 2393 996 2426 quae
1005 2381 1137 2416 cultum
1148 2380 1299 2416 studiose
1310 2379 1467 2422 affectat,
1478 2385 1517 2413 ut
1525 2378 1596 2412 ho-'

918 2445 1006 2467 nore
1026 2433 1156 2475 valeat,
1173 2432 1221 2467 sic
1234 2431 1326 2467 VIII
1344 2432 1492 2466 Metam.
1508 2443 1570 2475 ²77
1585 2456 1595 2475 ‚

918 2487 1025 2519 honos
1040 2484 1095 2518 ille
1111 2484 1181 2529 ipse
1194 2484 1228 2518 in
1243 2483 1399 2529 plurimis
1412 2481 1509 2518 MSS
1519 2495 1599 2517 am-

919 2539 1059 2571 bitiosus
1081 2535 1217 2570 dicitur.
1242 2553 1285 2560 —
1307 2536 1422 2580 Iniqui
1439 2533 1486 2569 dii
1512 2541 1595 2569 sunt

918 2588 997 2621 irati
1009 2614 1019 2630 ‚
1036 2590 1125 2631 equi
1133 2586 1480 2621 faventes.—Vocab.
1497 2587 1597 2620 blau—

920 2642 984 2674 dus
993 2639 1148 2675 solemne
1166 2638 1208 2674 de
1223 2639 1412 2685 placatione
1427 2638 1574 2673 deorum
1586 2664 1595 2680 ‚

920 2691 968 2726 ita
983 2698 1023 2731 nt
1037 2704 1132 2726 nunc
1150 2703 1245 2726 sacra
1262 2691 1484 2741 facientibus,
1502 2703 1597 2725 nunc

921 2755 1046 2779 eorum
1059 2743 1206 2779 victimis
1216 2750 1276 2778 aut
1290 2744 1447 2789 precibus
1465 2743 1600 2778 tribua-
