1826 3054
514 265 915 310 FASTORUM
948 266 1081 309 LIB.
1122 267 1191 309 ΙΙ.
1511 270 1565 327 95

152 360 357 407 Induerat
381 357 516 424 Tyrio
539 357 609 406 bis
634 357 813 406 tinctam
835 358 1001 406 murice
1025 357 1212 424 pallam:

216 436 426 485 Reddidit
447 436 532 483 icta
554 454 658 484 suos
679 433 841 502 pollice
863 435 1026 483 chorda
1051 453 1214 493 sonos;

151 513 398 562 Flebilibus
420 512 557 562 veluti
576 513 770 562 numeris
793 511 991 560 canentia
1014 509 1122 558 dura

217 590 443 654 Trajectus
464 608 609 655 penna
633 601 830 655 tempora
856 600 1002 636 cantat
1024 587 1134 635 olor.

1516 613 1576 635 lto

154 668 364 716 Protinus
385 668 431 714 in
453 667 618 716 medias
641 679 824 715 ornatus
853 666 998 714 desilit
1021 664 1185 722 undas,

221 745 453 811 Spargitur
474 744 664 811 impulsa
688 743 843 792 caerula
865 742 1030 809 puppis
1051 760 1178 808 aqua.

155 822 286 878 Inde,
312 822 396 870 fide
417 823 579 888 majus,
606 834 729 885 tergo
750 821 953 888 delphina
977 839 1159 868 recurvo

223 899 279 947 Se
301 912 546 947 memorant
569 900 691 948 oneri
715 899 1004 966 supposuisse
1024 917 1156 946 novo.

159 974 238 1023 Ille
264 976 420 1023 sedens
442 975 741 1042 citharamque
766 987 911 1033 tenet,
937 975 1220 1041 pretiumque
1243 973 1430 1021 vehendi
1524 992 1582 1021 ...x

158 1105 252 1139 crine
267 1104 446 1140 decentia:
459 1106 475 1140 1
486 1105 575 1139 Met.
594 1108 668 1148 450.
681 1123 725 1131 —-
735 1107 837 1139 Palla

159 1158 260 1192 vestis
292 1157 560 1192 citharoedorum
592 1158 729 1203 longior
756 1171 838 1193 cum

162 1218 322 1256 syrmate.
346 1210 490 1244 Tzetzes
511 1209 604 1245 Chil.
621 1212 660 1253 1,
679 1217 734 1252 τὴν
754 1227 839 1255 μου-

165 1269 250 1302 σικὴν
268 1267 375 1302 στολὴν
391 1270 499 1296 vocat.
515 1261 604 1296 Vide
622 1261 665 1296 ad
683 1263 734 1296 XI
750 1261 839 1295 Me—

164 1322 245 1346 tam.
267 1313 328 1347 156
340 1339 349 1356 ,
367 1313 424 1347 ubi
441 1327 457 1343 α
474 1313 583 1360 Tyrio
597 1320 749 1348 saturata
762 1326 841 1347 mu-

168 1381 183 1393 »
200 1365 269 1399 rice
293 1364 391 1409 palla.
413 1380 430 1395 υ
458 1365 528 1399 Pro
552 1371 707 1399 saturata
721 1391 730 1405 ,
760 1365 840 1400 satis

165 1416 297 1450 imbuta
309 1415 423 1450 colore
434 1441 443 1458 ,
461 1428 556 1450 nunc
573 1423 623 1450 est
637 1418 691 1449 bis
707 1419 816 1451 tt'ncla
826 1443 834 1456 ‚

165 1467 311 1512 dibaphe
324 1494 333 1509 ,
358 1479 435 1512 quae
451 1474 486 1501 et
501 1470 622 1501 [teram
633 1494 640 1506 ,
669 1474 728 1501 aut
745 1471 842 1502 lauta

164 1522 285 1553 murice
297 1518 363 1552 dici
372 1519 468 1552 solet.
484 1518 555 1552 Sed
569 1531 632 1563 pro
642 1521 694 1553 bis
702 1522 841 1553 tinctam

166 1571 247 1605 olim
264 1570 362 1605 edeb.
379 1573 572 1606 distinctam
583 1599 592 1611 ,
614 1570 708 1616 quod
726 1572 842 1617 expli-

164 1624 232 1658 cari
258 1624 364 1668 possit
382 1636 424 1658 ex
448 1623 524 1658 loco
550 1623 593 1657 ad
622 1624 755 1658 Heren.
784 1624 842 1658 ubi

166 1692 183 1707 «
201 1676 353 1723 chlamys
379 1685 555 1721 purpurea
578 1675 751 1710 coloribus
777 1689 843 1710 va-

169 1743 184 1757 »
202 1728 261 1762 riis
276 1728 416 1762 intexta.
435 1742 452 1757 »
475 1728 546 1761 Pro
566 1729 722 1761 induerat
742 1727 845 1761 multi

164 1781 275 1814 induit
285 1785 336 1819 et,
356 1778 450 1813 unde
472 1779 597 1813 Heius.
616 1779 756 1823 mallet,
777 1781 844 1814 In-

165 1833 472 1866 dudan—Pollice
485 1830 538 1864 vel
554 1830 650 1864 nudo
662 1856 671 1873 ,
694 1831 746 1865 vel
765 1844 846 1875 pec—

168 1884 239 1918 tine
256 1891 392 1918 armato
409 1883 636 1929 pulsabantur
653 1884 734 1930 lyrae
750 1883 846 1919 fides.

169 1953 210 1961 --
226 1937 330 1975 Suos,
352 1948 439 1980 quos
460 1935 546 1970 solet
566 1935 713 1970 reddere
737 1942 773 1969 et
790 1935 845 1969 de-

169 1987 237 2020 bet.
259 1987 341 2020 Non
365 1999 503 2032 semper
529 2000 546 2016 «
566 1986 695 2021 chorda
719 2000 846 2021 sonum

172 2055 188 2069 »
198 2040 325 2082 reddit,
337 2052 442 2085 quem
451 2040 524 2074 vult
535 2049 659 2074 manus
669 2047 846 2085 etmens,»

170 2093 297 2128 Horat.
310 2094 386 2128 Art.
399 2094 497 2127 Poet.
512 2093 586 2135 348.

217 2157 382 2192 109-110.
401 2146 481 2180 Non
494 2151 589 2187 erat,
607 2157 670 2179 cur
684 2145 849 2181 Heinsius

171 2196 237 2231 hoc
253 2196 296 2231 de
312 2200 400 2231 olore
418 2196 589 2231 distichon
606 2197 764 2240 spurium
785 2198 849 2241 ju-

172 2247 311 2282 dicaret.
329 2247 471 2282 Etenim
490 2255 562 2282 tam
585 2248 705 2282 musici
717 2274 726 2291 ,
745 2261 850 2293 quam

172 2306 282 2344 poetae
304 2312 384 2334 cum
402 2313 514 2347 cycno
529 2312 618 2345 saepe
635 2312 851 2344 comparau-

174 2357 232 2385 tur
248 2376 258 2393 ‚
287 2352 366 2396 quia
394 2359 529 2386 veteres
555 2351 794 2385 suavissimum
822 2351 854 2385 ei

173 2410 315 2438 cantum
327 2403 538 2438 tribuebant.
551 2403 689 2438 Cattim.
703 2404 735 2438 h.
750 2404 852 2449 Apol.

176 2456 205 2489 5.
232 2454 319 2489 Vide
341 2455 452 2490 vossii
481 2456 591 2501 Epist.
617 2455 769 2502 Mythot.
793 2456 850 2498 11,

181 2507 251 2539 105.
269 2505 355 2540 Inde
379 2507 512 2541 Atcaeus
529 2510 628 2545 κύκνθς
648 2510 796 2548 Λὲσθιος,
817 2513 854 2540 et

180 2555 349 2592 Pindarus
365 2560 523 2592 Dircoeus
538 2571 663 2605 cycnus
682 2559 772 2592 Hor.
785 2559 853 2600 IV,

180 2606 249 2642 Od-
265 2619 293 2642 11
305 2634 314 2651 ‚
329 2612 379 2644 25.
396 2610 482 2645 lude
499 2611 659 2656 proverb·
671 2615 774 2647 νῦινσυ
787 2611 856 2646 ἄοι-

182 2665 304 2707 &kefin
323 2663 417 2698 Hinc
434 2671 470 2698 et
490 2664 654 2711 Cycnus,
676 2678 734 2698 rex
749 2664 856 2709 Ligu-

180 2727 258 2748 rum
268 2741 277 2757 ,
298 2716 426 2750 musica
438 2717 606 2752 excellens
620 2743 629 2760 ,
647 2718 682 2751 in
695 2716 855 2751 eamdem

182 2779 280 2801 avem
304 2775 456 2803 mutatus
479 2782 551 2804 esse
576 2769 797 2809 tradebatnr3
820 2769 856 2803 II

905 1104 1052 1138 Metam.
1068 1105 1130 1137 252
1145 1129 1153 1146 ‚
1170 1102 1333 1148 367.—In
1346 1102 1466 1147 primis
1477 1106 1581 1137 morti

903 1156 1176 1198 vicinusflebt'les
1192 1161 1312 1188 cantus
1329 1167 1487 1189 exercere
1507 1169 1582 1190 cre--

905 1206 1062 1240 debatur.
1075 1205 1222 1239 Heroid.
1236 1206 1308 1240 VII
1319 1232 1327 1246 ,
1347 1219 1359 1240 1
1373 1220 1382 1247 ;
1398 1205 1470 1241 Cic.
1481 1207 1584 1241 Tusr.

906 1259 922 1292 I
935 1284 943 1300 ,
955 1258 1015 1299 3ο;
1033 1257 1167 1292 Plinius
1178 1284 1187 1300 ,
1202 1258 1234 1291 X
1246 1284 1255 1301 ,
1276 1259 1328 1292 32.
1346 1258 1462 1303 Atque
1478 1261 1582 1294 etiam

907 1310 1020 1344 Arion
1033 1320 1146 1353 nunc,
1166 1310 1262 1355 quod
1272 1310 1403 1357 Hygin.
1420 1312 1458 1346 P.
1471 1313 1514 1347 A.
1529 1313 1583 1347 di--

905 1370 996 1397 serte
1016 1370 1158 1405 monet,
1181 1370 1332 1397 mortem
1353 1378 1451 1399 suam
1474 1366 1581 1401 defle-

905 1414 973 1448 bat.
997 1414 1078 1449 Non
1098 1415 1186 1449 male
1209 1415 1314 1460 igitur
1336 1415 1369 1450 h.
1389 1415 1410 1449 l.
1434 1417 1584 1452 adhibita

905 1465 961 1500 illa
976 1467 1394 1511 comparatio—Pennana
1408 1469 1587 1504 Burman-

907 1531 974 1552 nus
983 1518 1143 1564 intelligit
1154 1519 1313 1563 sagittam
1323 1546 1332 1563 ,
1345 1532 1412 1565 qua
1425 1522 1587 1565 trajectus

907 1568 984 1602 olor
996 1595 1006 1612 ,
1023 1569 1155 1604 vicinus
1172 1570 1278 1604 morti
1294 1570 1456 1605 flebiliter
1471 1572 1562 1606 canit
1578 1600 1586 1615 ‚

910 1633 1020 1665 quum
1033 1621 1088 1655 atii
1100 1621 1142 1655 de
1155 1634 1272 1667 penna
1286 1623 1434 1667 quadam
1448 1623 1535 1658 dura
1544 1625 1584 1658 lo>

910 1679 1063 1716 quantur
1080 1697 1089 1715 ,
1119 1685 1225 1717 quam
1249 1674 1325 1707 olor
1347 1675 1382 1708 in
1408 1683 1585 1710 senectute

908 1724 1256 1761 habeat.-Canen11·a
1272 1728 1395 1763 Heins.
1415 1729 1590 1776 interpre—

908 1784 1014 1820 tatur,
1030 1778 1160 1812 senilia.
1172 1778 1243 1812 Sed
1255 1780 1353 1826 cycni
1365 1793 1490 1826 corpus
1499 1795 1589 1816 sem—

911 1844 973 1875 per
993 1844 1118 1865 canens
1130 1859 1137 1870 ,
1158 1831 1192 1866 id
1210 1840 1260 1867 est
1276 1833 1465 1868 candidum
1479 1861 1488 1878 ,
1507 1849 1591 1870 can—

911 1883 1008 1918 dens.
1033 1884 1068 1919 11
1090 1884 1236 1920 Metam.
1258 1886 1343 1930 373,
1367 1886 1425 1920 uhi
1446 1886 1588 1935 Cycnus

910 1949 970 1970 rex
992 1936 1028 1969 in
1053 1935 1143 1970 hanc
1166 1949 1266 1970 avem
1291 1938 1438 1982 transit,
1459 1954 1475 1970 (ι
1494 1953 1588 1976 canae

913 2004 931 2018 »
947 1988 1084 2034 capillos
1108 1988 1324 2024 dissimulant
1344 1990 1480 2036 plumae.
1500 2007 1517 2023 »
1544 1993 1590 2028 Et

911 2040 945 2074 h.
963 2040 983 2075 l.
1003 2047 1073 2075 tres
1094 2041 1169 2075 cod.
1195 2044 1376 2077 candentia
1390 2043 1590 2089 praeserunt.

912 2093 1117 2128 Secundum
1132 2094 1356 2129 Herodotum
1369 2122 1378 2139 ,
1390 2096 1501 2131 Arion
1514 2105 1588 2132 tum

912 2145 1072 2179 cantabat
1081 2149 1168 2190 νόμον
1176 2150 1224 2182 τὸν
1235 2151 1341 2195 &fiee-a,
1350 2146 1492 2184 carmen
1501 2163 1593 2185 sum—

913 2209 971 2230 ma
995 2196 1119 2231 fidium
1141 2211 1179 2232 ac
1197 2199 1289 2233 vocis
1311 2202 1593 2238 contentione:—

914 2249 1085 2292 ὅραι-517111·
1097 2256 1160 2284 etc.
1176 2250 1343 2286 Krebsius
1360 2264 1367 2286 :
1384 2254 1443 2286 hin
1457 2257 1530 2287 und
1537 2257 1597 2289 ber

914 2302 1005 2334 ward
1018 2302 1177 2344 geworsen
1198 2305 1263 2336 das
1287 2306 1458 2338 blaeult'che
1481 2306 1602 2351 Schisf

914 2350 983 2393 auf
991 2353 1064 2384 dem
1083 2365 1149 2385 nun
1164 2355 1324 2387 tobenden
1342 2355 1459 2390 Mem.
1478 2356 1593 2391 Immo

916 2404 1019 2438 undae
1035 2417 1114 2449 pars
1123 2407 1322 2440 concutitur
1332 2407 1420 2441 saltu
1437 2409 1592 2455 Arionis,

916 2462 1021 2500 atque
1037 2455 1210 2501 adspergit
1229 2469 1364 2491 navem.

963 2508 1034 2542 113.
1052 2509 1135 2541 Fide
1149 2509 1261 2550 majus
1273 2509 1320 2544 sic
1335 2510 1440 2544 etiam
1458 2511 1494 2546 in
1511 2512 1595 2548 Me—

917 2566 999 2593 tam.
1015 2566 1054 2593 ut
1070 2560 1124 2593 ΙΙΙ
1139 2585 1147 2601 ,
1166 2560 1291 2594 ιο6.--
1303 2563 1402 2602 Novo,
1419 2562 1593 2599 inusitato.

917 2628 961 2636 ·—-
976 2613 1122 2645 Pretium
1145 2614 1301 2650 whendi.
1329 2624 1468 2648 carmen
1488 2640 1497 2657 ,
1524 2628 1595 2660 quo

919 2663 1084 2708 delphino
1113 2671 1233 2698 cantus
1264 2667 1392 2700 amanti
1418 2679 1594 2701 remune-

919 2723 1018 2750 retur
1037 2729 1178 2761 operam
1197 2717 1355 2754 vehendi.
1382 2720 1534 2763 Plinius,
1555 2721 1570 2755 I
1586 2747 1595 2763 ,

921 2768 986 2813 Ep.
1003 2779 1055 2802 xu
1070 2795 1079 2812 ,
1096 2770 1117 2812 4
1128 2795 1137 2813 ‚
1151 2773 1260 2813 prelia
1273 2774 1420 2812 vivendi,
1442 2773 1499 2806 ubi
1516 2771 1594 2806 vide
