1826 3054
502 276 907 320 FASTORUM
943 278 1074 322 LIB.
1118 280 1216 322 111.

1489 284 1565 327 161

219 372 278 417 Et
301 369 416 418 cadit
435 389 460 417 a
482 381 629 418 mento
654 368 863 432 languida
878 369 992 419 facta
1015 389 1185 420 manus.
1528 402 1572 426 20

155 449 278 496 Mars
297 447 415 497 videt
438 444 823 514 hancsvisamqne
847 448 999 514 cupit,
1026 449 1289 517 potiturque
1313 454 1532 520 cupitam,

220 527 280 572 Et
302 544 380 573 sua
407 524 554 573 divina
575 524 694 573 furta
715 523 871 572 fefellit
893 543 992 592 ope.

124 655 130 661 ,
155 601 348 649 Somnus
370 600 465 649 abit
484 619 494 647 ι
513 599 625 665 jacet
647 599 721 650 illa
739 601 884 663 gravis
903 620 913 648 z
936 601 1025 667 jam
1046 600 1215 652 scilicet
1234 603 1351 654 intra

218 678 423 736 Viscera,
448 678 660 726 Romanae
681 678 888 726 conditor
906 678 1033 727 urbis
1047 716 1059 737 ,
1083 698 1191 729 eras.

155 754 384 817 Languida
407 755 665 817 consurgit;
691 773 770 803 nec
793 754 876 804 scit
897 773 977 802 cur
996 753 1207 818 languida
1229 770 1383 820 surgat
1402 777 1414 817 ;
1538 775 1582 809 25

219 834 279 879 Et
300 832 473 898 peragit
494 830 601 880 tales
621 832 778 880 arbore
799 831 902 879 nixa
925 849 1060 880 sonos
1080 851 1090 879 ε

156 910 276 957 Utile
302 910 362 958 sit
380 909 686 975 faustumque,
709 928 893 975 precor,
916 909 1039 976 quod
1062 909 1252 973 imagine
1275 912 1421 961 somni

220 985 426 1034 Vidimus
446 1005 455 1033 :
479 1005 534 1033 an
553 1004 710 1034 somno
735 984 894 1034 clarius
917 985 1030 1034 illud
1052 990 1182 1036 erat?

155 1063 343 1125 Ignibus
366 1061 511 1111 Iliacis
536 1062 708 1110 aderam
728 1083 738 1109 :
761 1081 896 1128 quum
926 1062 1050 1130 lapsa
1072 1064 1242 1131 capillis

223 1139 401 1188 Decidit
422 1151 522 1187 ante
547 1157 695 1187 sacros
716 1138 840 1188 lanea
863 1140 972 1188 vitta
993 1141 1131 1190 focos.
1165 1179 1169 1183 -
1538 1161 1583 1194 30

160 1218 271 1267 Inde
297 1218 391 1266 duae
412 1218 601 1284 pariter,
626 1217 722 1266 visu
745 1217 1019 1277 miserabile,
1044 1219 1199 1286 palmae

225 1295 423 1358 Surgunt
443 1314 452 1342 ε
474 1314 524 1343 ex
546 1294 635 1342 illis
658 1293 794 1342 altera
815 1295 956 1359 major
979 1307 1100 1353 erat;

161 1375 219 1421 Et
243 1372 450 1435 gravibus
472 1371 604 1420 ramis
629 1382 773 1419 totum
800 1383 1053 1438 protexerat
1077 1372 1259 1432 orbem;

159 1492 245 1528 Stat.
262 1494 280 1529 1
295 1493 377 1529 Silv.
390 1504 449 1536 ιν,
472 1495 512 1539 57
523 1519 533 1536 ,
547 1507 565 1523 «ι
577 1492 681 1528 fessos
697 1492 835 1538 penitus

159 1561 178 1577 »
193 1546 347 1591 subrepit
358 1546 393 1580 in
404 1552 498 1580 artus
512 1545 680 1580 Insidiosa
698 1545 804 1590 quies.
816 1560 834 1575 »

202 1611 254 1633 αι.
267 1599 394 1643 Cupere
402 1597 451 1632 sic
465 1610 554 1642 saepe
567 1597 603 1631 in
621 1597 837 1632 Metam.1n-

158 1650 298 1686 ten-dum
313 1652 481 1685 connubia
496 1649 645 1684 additur.
662 1648 709 1684 Et
725 1662 835 1695 repe-

113 1735 115 1737 .
156 1704 234 1738 titio
247 1702 406 1748 ejusdem
420 1703 530 1746 verbi,
547 1702 655 1748 qualis
671 1702 769 1737 estin
782 1705 837 1736 vi-

155 1758 215 1790 det
225 1782 234 1796 ,
251 1758 380 1796 vt'sam3
395 1758 500 1799 cupit,
517 1757 679 1798 cupitam,
694 1761 789 1799 grata
800 1761 836 1789 et

156 1807 330 1842 familiaris
342 1806 472 1842 ovidio
484 1820 491 1847 ;
503 1807 608 1841 etiam
617 1805 772 1841 celeritas
783 1805 836 1839 rei

158 1864 305 1903 peractae
315 1858 371 1892 hie
383 1857 465 1892 satis
476 1870 645 1902 expressa,
657 1855 730 1891 fere
745 1863 784 1890 ut
800 1857 835 1889 V

159 1910 308 1944 Metam.
324 1910 406 1956 395,
425 1910 463 1943 in
484 1915 586 1954 raptu
603 1908 833 1953 Proserpinae.

159 1962 216 1997 De
228 1974 309 1997 voce
315 1965 509 2006 politicum
523 1968 648 2006 quarto
662 1972 742 1995 casu
757 1959 834 1994 vide

160 2014 287 2049 Heins-
299 2032 344 2040 ——
358 2015 482 2052 Fallit,
512 2013 571 2057 qui
596 2012 686 2047 clam
705 2011 834 2057 aliquid

160 2067 250 2111 agit,
262 2066 317 2100 vel
331 2072 371 2100 ut
383 2077 456 2099 non
472 2064 683 2107 innotescat,
704 2064 777 2107 vel,
796 2071 836 2098 ut

160 2117 314 2152 hocloco
323 2142 332 2159 ,
350 2122 390 2150 ut
398 2127 471 2150 non
482 2114 660 2149 sentiatur.
669 2132 713 2141 —
721 2115 837 2149 Liberi

159 2172 249 2203 intra
265 2171 395 2201 viscera
403 2166 569 2201 dicuntur
577 2166 725 2210 concipi,
742 2165 838 2200 unde

161 2227 196 2255 et
210 2219 272 2266 ipsi
285 2223 416 2254 wls-cera
424 2225 615 2259 vocantur;
632 2218 667 2250 V
692 2217 839 2253 Metam.

167 2274 343 2315 itt—«Iam
359 2284 446 2305 eras.
462 2270 610 2315 Quanto
620 2270 744 2304 melius
759 2270 837 2314 hoc,

162 2316 268 2369 ‹iuam
278 2339 286 2367 ;
295 2326 365 2369 jam
375 2330 581 2369 conceperat
592 2323 600 2357 l
611 2323 760 2368 —Regii
771 2331 839 2357 tres

161 2378 270 2411 nostri
297 2377 428 2412 habent
452 2383 528 2410 erat
536 2387 548 2418 ,⁶
572 2375 720 2410 alterum
743 2375 840 2409 dedit

162 2429 328 2463 Heinsius
344 2442 385 2463 ex
400 2429 509 2463 tribus
524 2427 628 2463 libris.
641 2430 708 2462 Ed.

216 2481 340 2524 27-38.
366 2480 554 2515 Somnium
581 2480 697 2515 Silviae
711 2506 720 2523 ,
743 2479 838 2524 quod

160 2531 265 2576 ipsius
274 2531 488 2576 geminaeque
501 2531 606 2576 prolis
618 2532 686 2566 fata
698 2538 840 2576 porten-

164 2584 285 2626 debat,
302 2584 437 2630 egregie
450 2584 586 2628 fictum,
604 2591 640 2618 et
654 2584 751 2618 nunc
763 2583 838 2617 loco

163 2634 324 2680 positum.
341 2653 384 2660 —
402 2636 492 2670 Utile
508 2643 573 2670 etc.
591 2634 634 2669 ad
650 2634 840 2668 formulam

163 2686 356 2720 solemnem
371 2698 380 2719 :
394 2685 487 2730 quod
495 2684 642 2728 bonurn,
654 2685 733 2719 felix
746 2683 841 2718 faus·-

164 2745 310 2782 tumque
325 2738 378 2772 sit.
392 2755 436 2764 —
450 2739 568 2782 Imago
591 2741 717 2777 somni,
736 2749 839 2771 som-

166 2789 284 2833 nium,
299 2795 340 2822 ut
355 2795 391 2822 et
404 2788 497 2824 Vll}
515 2788 604 2823 Met.
620 2790 695 2832 824.
709 2805 752 2813 —
769 2789 840 2822 Vc·-

290 2857 381 2901 VJ.

899 1494 976 1528 dere
998 1493 1165 1529 usitatum
1187 1493 1231 1529 de
1250 1495 1515 1532 somniantibus.
1537 1517 1582 1525 —

899 1544 1021 1578 Somno
1034 1547 1170 1586 clarius,
1190 1545 1267 1591 plus
1277 1558 1383 1591 quam
1390 1549 1580 1584 somnium.

899 1597 1050 1631 —Ilt'aci
1059 1601 1164 1641 ignes,
1187 1610 1282 1633 sacra
1297 1600 1430 1643 Vestae,
1447 1608 1487 1636 ut
1497 1615 1586 1638 vers.

904 1649 978 1691 142,
986 1649 1094 1682 Iliaci
1088 1647 1180 1692 soce}
1194 1649 1416 1686 namAEneas
1424 1652 1490 1686 Ilio
1499 1667 1515 1682 «
1524 1654 1586 1689 vit-

902 1713 920 1730 »
936 1706 986 1735 tas
997 1725 1007 1743 ,
1022 1699 1238 1746 Vestamque
1258 1708 1441 1747 potentem
1454 1730 1463 1746 ‚
1481 1712 1586 1740 aeter-

902 1765 920 1781 »
939 1763 1098 1796 numque
1118 1751 1238 1797 ignem
1257 1767 1274 1782 »
1292 1753 1427 1800 attulit,
1444 1755 1588 1791 AEneid.

902 1802 938 1838 11
952 1829 960 1845 ,
977 1803 1141 1851 296.—1n
1152 1807 1239 1838 vitta
1252 1806 1351 1847 lapsa
1367 1817 1473 1840 omen
1488 1814 1583 1849 erat;

900 1855 986 1889 vitta
1002 1856 1099 1890 enim
1117 1855 1285 1891 convictae
1299 1855 1429 1891 Vestali
1450 1857 1587 1893 adime·-

900 1907 1013 1942 batur.
1028 1908 1124 1942 Labi
1134 1914 1171 1943 et
1186 1910 1306 1943 cadere
1321 1907 1368 1943 sic
1384 1921 1479 1955 saepe
1494 1910 1587 1955 jun—

901 1967 1052 2005 guntur;
1070 1959 1143 1994 Liv.
1157 1960 1173 1994 I
1185 1987 1194 2003 ,
1219 1960 1263 1994 56
1276 1986 1286 2003 ,
1310 1974 1328 1990 α
1345 1961 1440 1996 velut
1454 1962 1481 1996 si
1497 1976 1587 2008 pro-

902 2026 920 2042 »
937 2012 1050 2057 lapsus
1063 2011 1250 2047 cecidisset.
1265 2026 1283 2041 ‘¹
1298 2012 1370 2047 Pro
1381 2026 1479 2058 quum
1488 2015 1593 2060 lapsa*
1626 2013 1628 2015 ¹

900 2065 1042 2110 plurimi
1057 2065 1137 2099 libri
1155 2067 1317 2108 collapsa.

948 2118 1002 2151 31.
1022 2117 1191 2163 Astyages
1203 2130 1222 2152 e
1240 2117 1411 2153 natalibus
1428 2118 1509 2155 filiae
1524 2133 1588 2166 per

903 2176 1071 2203 somnum
1095 2168 1182 2203 vidit
1195 2168 1304 2204 vitem
1328 2171 1463 2215 enasci,
1489 2173 1588 2217 cujus

903 2219 1044 2264 palmite
1060 2219 1176 2254 omnis
1195 2220 1277 2254 Asia
1294 2220 1584 2266 obumbraretur;

904 2270 1032 2305 Justiu.
1043 2270 1060 2304 1
1070 2296 1079 2313 ,
1097 2272 1128 2313 4.
1137 2270 1173 2323 [Α
1187 2271 1312 2307 vitibus
1323 2279 1358 2306 et
1373 2273 1456 2308 oleis
1471 2275 1587 2319 proxi-

904 2332 999 2354 mam
1008 2320 1226 2356 nobilitatem
1233 2325 1360 2365 palmis
1371 2323 1493 2358 tribuit
1505 2325 1584 2359 Pli-

904 2371 1002 2415 nius,
1021 2372 1113 2406 Hist.
1129 2372 1210 2407 Nat.
1228 2373 1373 2418 XXIII,
1393 2377 1453 2417 51;
1472 2375 1588 2411 idem-

904 2438 972 2470 que
1004 2425 1113 2460 XVII
1128 2451 1138 2467 ,
1167 2426 1209 2460 38
1220 2450 1230 2468 ,
1257 2426 1387 2471 palmas
1410 2438 1586 2466 memorat

904 2475 1052 2522 prodigii
1069 2476 1144 2510 loco
1160 2490 1200 2511 ex
1215 2477 1283 2512 aris
1299 2485 1334 2512 et
1352 2479 1473 2515 statuis
1492 2494 1586 2517 ena-

904 2535 955 2562 tas
970 2541 977 2567 3
1004 2534 1042 2561 ut
1074 2526 1154 2561 alias
1182 2526 1364 2562 victoriam
1386 2536 1422 2564 et
1449 2531 1585 2566 trium-

903 2579 1014 2626 phum
1030 2578 1309 2624 portendebant,
1323 2581 1371 2615 sic
1388 2594 1484 2618 nune
1499 2597 1585 2619 ma-

904 2631 1124 2677 gnitudinem
1137 2631 1370 2676 imperii-Non
1383 2641 1501 2669 autem
1516 2636 1583 2673 hoe

903 2683 979 2717 loco
996 2689 1149 2728 apparet,
1169 2682 1262 2717 unde
1275 2683 1397 2728 palmae
1412 2686 1559 2722 exierint
1573 2714 1582 2731 ,

904 2740 1024 2768 utrum
1037 2745 1077 2767 ex
1087 2731 1177 2775 socc,
1189 2745 1234 2767 an
1241 2746 1282 2767 ex
1293 2734 1377 2768 vitta
1387 2735 1584 2780 lapsa,nam

904 2789 983 2822 inde
997 2786 1040 2821 ad
1060 2792 1250 2831 utrumque
1267 2787 1393 2822 referri
1404 2797 1586 2833 potest.—

1355 2863 1453 2897 11‘
