1826 3054
516 151 924 199 FASTORUM
963 151 1102 195 LIB.
1144 150 1236 195 IV.
1499 151 1586 193 255

170 252 331 303 Omnis
354 267 512 317 eques,
537 247 761 312 mixtaque
784 245 928 309 gravis
948 262 1049 291 cum
1069 241 1200 309 plebe
1222 253 1399 291 senatus

236 327 412 378 Obvius
435 324 491 374 ad
515 323 652 372 Tusci
669 321 864 370 fluminis
888 338 967 368 ora
987 319 1121 367 venit.

172 404 424 454 Procedant
445 402 611 469 pariter
630 412 816 457 matres,
837 409 1039 463 nataeque
1052 434 1066 455 ,
1088 413 1343 461 nurusque3

240 483 438 548 Quaeque
459 477 613 527 colunt
634 488 813 526 sanctos
837 474 1088 539 virginitate
1109 472 1249 522 focos.
1314 504 1317 507 ι

173 557 333 608 Sedula
353 557 458 606 fune
476 555 559 604 viri
581 566 792 604 contento
812 552 994 602 brachia
1012 550 1206 600 lassant:

235 637 320 685 Vix
343 635 466 684 subit
489 634 689 683 adversas
707 631 888 699 hospita
909 631 1034 680 navis
1056 648 1206 697 aquas.

169 716 294 764 Sicca
314 713 391 762 diu
414 711 545 762 tellus
568 711 739 768 filei-an
764 700 869 758 sitis
884 720 1058 758 usserat
1080 708 1243 757 herbas
1263 727 1275 756 ς

235 793 358 842 Sedit
379 791 538 841 limoso
560 807 713 856 pressa
734 787 882 837 carina
902 786 1032 835 vado.

1526 801 1593 835 300

173 870 395 937 Quisquis
418 869 543 917 adest
564 867 688 934 operi
703 904 716 925 ‚
738 865 842 933 plus
866 883 998 932 quam
1020 883 1106 931 pro
1124 874 1247 929 parte
1269 860 1466 920 laborat3

234 947 427 1013 Adjuvat
448 957 492 994 et
508 945 646 994 fortes
666 962 775 992 voce
800 954 986 991 sonante
1005 958 1178 990 manus.

170 1023 252 1073 Illa
271 1023 391 1072 velut
412 1022 558 1072 medio
583 1019 758 1070 stabilis
776 1020 900 1069 sedet
920 1018 1066 1067 insula
1089 1028 1233 1084 ponto
1254 1036 1264 1063 :

236 1100 433 1148 Attoniti
455 1110 658 1148 monstro
682 1108 888 1164 stantque
904 1107 1155 1163 paventque
1173 1094 1270 1142 viri.

176 1177 363 1226 Claudia
385 1177 556 1241 Quinta
577 1194 716 1240 genus
739 1174 903 1224 Clauso
923 1173 1142 1223 referebat
1158 1172 1215 1222 ab
1241 1171 1356 1227 alto;

1530 1185 1597 1218 305

238 1256 330 1304 Nec
347 1254 480 1304 facies
499 1255 643 1320 impar
664 1251 900 1301 nobilitate
921 1251 1018 1299 fuit.

174 1370 210 1401 t'n
232 1368 337 1401 altu·
347 1393 356 1406 ‚
386 1378 451 1400 nec
471 1377 590 1408 campo
612 1366 764 1399 liberiore
782 1362 847 1409 (ut

174 1420 192 1454 1
206 1417 353 1452 Metam.
368 1418 406 1460 41
421 1417 435 1458 )
457 1422 563 1451 natat.
582 1415 673 1449 Vide
697 1415 848 1449 omnino

174 1468 218 1503 ad
230 1480 370 1503 versum
385 1468 460 1504 330.
474 1485 519 1494 -
538 1466 753 1502 Advenieuti
766 1466 848 1500 navi

173 1532 319 1556 omnem
333 1519 477 1554 effusam
485 1518 588 1553 fuisse
597 1518 774 1553 civitatem
786 1517 848 1551 ob-

172 1573 264 1607 viam
273 1598 284 1616 ‚
306 1572 413 1607 etiam
429 1571 546 1606 Livius
561 1569 655 1605 dicto
671 1569 746 1605 loco
763 1582 849 1604 nar-

172 1631 226 1659 rat
237 1639 246 1667 ;
259 1636 343 1659 nam
354 1623 516 1658 Valerius
526 1649 537 1666 ,
550 1635 645 1658 unus
653 1636 694 1657 ex
705 1622 824 1668 legatis
835 1649 846 1666 ,

174 1690 378 1724 pragi-estus
389 1703 399 1720 ,
416 1684 574 1712 actutum
590 1675 706 1711 Deam
725 1676 760 1710 in
776 1676 851 1710 lta-

175 1729 219 1763 lia
231 1730 306 1764 sore
319 1729 552 1764 nuntiaverat.
565 1746 608 1753 -—
621 1728 688 1767 Os,
702 1726 745 1761 de
762 1726 850 1761 ostio

175 1780 271 1815 fluvii
282 1793 355 1815 non
365 1781 483 1815 minus
493 1807 503 1824 ‚
515 1793 620 1826 quam
630 1779 674 1814 de
687 1780 784 1814 sonte
797 1778 851 1812 di-

175 1834 288 1874 citur;
305 1832 491 1878 Virgilius,
506 1831 636 1877 Georg.
653 1831 726 1875 IV,
745 1844 819 1878 292.

219 1898 293 1932 ²97·
306 1884 470 1920 Studium
483 1885 729 1919 Romanorum
742 1885 778 1918 in
794 1891 851 1919 at-

176 1935 346 1971 trahenda
360 1949 448 1971 nave
458 1936 629 1981 copiosius
648 1935 852 1971 describen-

177 1988 262 2022 dum
278 1995 372 2032 erat,
386 2001 457 2033 quo
469 1988 578 2033 magis
595 1986 803 2022 miraculum
813 1987 851 2021 in

178 2039 325 2074 Claudia
343 2039 479 2075 editum
496 2039 854 2073 elucesceret-Hos-

171 2095 260 2134 pita,
278 2092 474 2137 peregrina.
484 2108 529 2116 —
538 2092 621 2126 Sitis
636 2097 769 2124 usserat
776 2091 854 2123 her-

176 2148 260 2187 bas,·
280 2144 449 2179 marcidas
464 2144 588 2178 herbas
599 2170 609 2186 ,
628 2143 752 2188 quibus
761 2142 854 2177 succi

177 2197 304 2232 ademti
316 2223 326 2239 ,
343 2196 515 2231 describit.
528 2195 649 2241 virgil.
666 2194 795 2240 Georg.
814 2195 852 2238 1,

180 2263 217 2295 77
229 2275 240 2293 ,
255 2254 324 2284 urit
330 2253 398 2284 lini
406 2262 559 2293 campum
574 2260 670 2293 seges
680 2275 688 2286 ‚
700 2250 854 2282 exsiccat.

176 2319 221 2327 —
233 2303 357 2336 Poessa
372 2302 506 2348 navigia
522 2302 604 2336 alias
623 2308 705 2335 suut
726 2301 856 2337 merci-

178 2353 242 2387 bus
249 2361 389 2389 onerata
402 2379 413 2397 ,
422 2354 562 2399 utVirg.
573 2352 703 2398 Georg.
717 2354 731 2388 1
743 2379 753 2395 ,
766 2353 851 2394 303;

180 2417 274 2439 nnnc
288 2405 401 2450 potius
415 2406 580 2451 impressa
590 2405 675 2439 limo
686 2431 696 2448 ,
714 2404 854 2438 haren-

182 2456 228 2490 tia
243 2456 282 2490 in
292 2456 396 2498 lim03
410 2458 458 2492 sic
470 2469 622 2501 pressum
634 2463 784 2491 aratrum
796 2456 854 2490 ali-

181 2509 229 2551 bi,
240 2509 454 2554 impressum.
463 2510 630 2545 Heinsius
640 2523 658 2544 e
670 2508 767 2544 MSS
777 2509 854 2553 qui-

181 2559 327 2594 busdam
332 2561 453 2604 fessa,
470 2569 507 2596 et
529 2574 550 2596 e
569 2562 770 2606 conjectura
791 2572 855 2594 sua

177 2626 316 2656 pansa.
337 2614 495 2649 malebat.
508 2615 622 2649 Immo
634 2615 761 2660 vulgat.
772 2614 855 2649 huic

183 2666 259 2701 loco
271 2666 673 2703 accommodatissimum.
687 2684 732 2693 —
744 2669 854 2710 Quam

908 1375 974 1406 pro
982 1365 1081 1406 parte
1091 1371 1103 1403 ,·
1117 1359 1191 1394 Liv.
1207 1356 1280 1392 VII
1291 1383 1302 1400 ,
1320 1369 1337 1401 7
1357 1369 1365 1391 :
1383 1353 1495 1402 «‘plus
1508 1355 1572 1391 sibi
1586 1382 1595 1399 ‚

912 1429 931 1444 ²·
949 1425 1057 1459 quam
1065 1410 1225 1459 provin-ili
1232 1416 1330 1456 parte
1340 1435 1351 1453 ,
1362 1408 1594 1443 adnitendum

911 1480 930 1497 n
947 1466 1087 1501 scirent.
1105 1479 1123 1494 »ι
1140 1462 1234 1498 Vide
1249 1462 1380 1496 Bauer.
1398 1461 1441 1495 ad
1460 1461 1594 1506 praesai.

911 1531 944 1565 p.
966 1515 1230 1553 :ie-Monstrat
1240 1541 1250 1555 ‚
1267 1514 1358 1548 mira
1371 1526 1428 1548 res
1442 1512 1596 1558 prodigii

911 1572 983 1606 vim
1001 1570 1144 1605 habens.
1464 1587 1468 1591 ·

955 1623 1035 1657 305.
1048 1622 1161 1656 Locus
1171 1620 1252 1654 satis
1259 1618 1595 1662 moratusseqnitur,

911 1674 1077 1719 idemque
1086 1671 1414 1718 singuladiligenter
1420 1669 1597 1716 persequi·

912 1727 1114 1763 tun-Atta
1124 1732 1183 1760 aut
1194 1726 1300 1760 Attus
1314 1724 1477 1764 Clausus,
1490 1723 1599 1768 quin-

912 1788 950 1814 to
963 1792 983 1814 a
996 1778 1134 1824 regibus
1148 1776 1269 1822 ejectis
1279 1788 1375 1810 anno
1384 1802 1395 1818 ‚
1410 1774 1548 1820 Regillo
1558 1774 1597 1809 in

913 1831 1052 1867 Sabinis
1068 1830 1222 1865 Romam
1230 1828 1393 1874 migravit
1404 1853 1414 1870 ,
1427 1827 1488 1862 ubi
1501 1827 1597 1861 inter

912 1891 1027 1930 patres
1041 1883 1151 1917 lectus
1165 1887 1243 1921 est;
1263 1887 1341 1915 tum
1358 1881 1471 1923 Appio
1483 1880 1599 1914 Clau-

911 1939 970 1971 dio
983 1936 1016 1970 ei
1030 1935 1096 1969 fuit
1109 1945 1242 1968 nomen
1254 1946 1264 1974 ;
1280 1931 1418 1974 Livius,
1432 1931 1488 1974 11,
1503 1931 1599 1965 16.—

913 1989 1041 2022 Amet
1060 1986 1196 2032 antiqui
1213 1992 1250 2020 et
1267 1984 1402 2019 nobiles
1420 1983 1597 2018 dicuntur.

912 2040 1160 2084 -Referelat‚
1178 2038 1370 2085 repetebat.
1387 2037 1476 2072 Erat
1494 2038 1603 2084 Appii

917 2092 1011 2127 Caeci
1032 2092 1169 2137 neptis,
1197 2098 1238 2126 ut
1257 2090 1362 2125 docet
1384 2090 1529 2124 Abram.
1554 2089 1600 2123 ad

917 2145 1130 2181 Ciceronem
1146 2158 1211 2191 pro
1230 2143 1363 2187 Calin,
1385 2145 1435 2188 ¹4.
1450 2144 1563 2189 Virgo
1579 2156 1600 2178 e

918 2200 1115 2234 Clausorum
1125 2205 1230 2244 gente
1239 2198 1348 2232 etiam
1357 2197 1450 2231 infra
1458 2196 1506 2240 V,
1521 2210 1532 2230 ι
1540 2198 1598 2240 55,

916 2250 1078 2284 occurrit.
1095 2266 1141 2277 --
1156 2249 1335 2284 vocabula
1350 2262 1420 2293 pat
1435 2254 1473 2282 et
1491 2251 1604 2291 impar

917 2302 1024 2337 etiam
1051 2301 1201 2335 ablativo
1225 2300 1325 2346 iungi
1338 2327 1348 2342 ‚
1372 2299 1476 2333 docet
1499 2299 1602 2333 Bur-

917 2365 1080 2387 mannus.
1106 2351 1202 2396 Quae
1222 2350 1267 2386 de
1296 2353 1443 2386 Claudia
1472 2352 1603 2392 Quinta

917 2405 973 2440 hic
990 2411 1182 2439 narrantur
1194 2429 1205 2446 ,
1230 2415 1272 2437 ea
1287 2409 1324 2437 et
1338 2402 1457 2436 Livius
1473 2427 1484 2444 ,
1506 2400 1602 2436 dicto

917 2458 993 2493 loco
1010 2457 1175 2503 attingit:
1193 2471 1211 2486 α
1231 2455 1408 2490 Matronae
1429 2455 1602 2500 primores

919 2525 938 2541 κ
951 2510 1098 2546 civitatis
1107 2536 1117 2552 ‚
1129 2510 1223 2544 inter
1231 2522 1316 2555 quas
1328 2509 1432 2543 unius
1443 2507 1601 2543 Claudia

918 2576 936 2592 ιι
947 2561 1094 2607 Quintae
1101 2561 1236 2607 insigne
1246 2568 1299 2596 est
1306 2560 1601 2606 nomen,signum

919 2629 937 2645 υ
949 2627 1112 2659 accepere
1131 2626 1140 2647 ι
1154 2614 1212 2648 cui
1229 2613 1351 2656 dubia,
1369 2620 1410 2647 ut
1425 2613 1577 2647 traditur
1588 2637 1599 2656 ,

920 2680 938 2697 υ
952 2673 1053 2700 antea
1065 2665 1177 2708 sama,
1193 2665 1376 2701 clariorem
1387 2665 1430 2700 ad
1443 2672 1601 2711 posteros
