1826 3054
255 239 345 283 508
774 243 1161 289 EXCURSUS

251 332 305 382 de
340 332 529 383 Hercule
557 333 671 386 forte
704 335 789 385 sub
824 338 1003 387 nomine
1025 320 1190 422 ἦρ’-κῆ,
1210 339 1255 388 id
1274 352 1364 398 est,
1390 354 1624 401 mercator,
1654 364 1677 393 a

250 415 541 467 Phoenicibus
563 417 706 478 culto,
731 421 855 487 cujus
886 435 930 472 et
958 423 1063 473 ideae
1094 436 1139 473 et
1168 442 1238 474 res
1266 434 1397 485 gestae
1423 435 1574 491 postea
1598 424 1676 473 ali-

252 494 428 560 quando
450 495 505 545 ad
530 496 765 547 Herculem
789 519 977 563 graecum
1002 501 1217 552 translatae
1240 514 1367 559 sunt,
1400 502 1487 567 jam
1507 502 1677 569 pridem

250 591 275 622 a
297 573 563 640 quibusdam
586 576 824 642 conjectata
849 598 944 628 esse
965 579 1093 629 video
1115 618 1128 639 ‚
1162 581 1247 630 hoc
1270 579 1399 630 etiam
1424 580 1602 629 nomine
1630 581 1676 628 in

251 651 499 702 subsidium
533 674 686 704 vocare
719 660 1025 709 tentaremus?
1052 659 1172 707 Bene
1211 656 1274 706 illi
1307 658 1511 707 viderunt
1545 659 1673 723 (vid.

250 729 491 799 Encyclop.
506 732 625 781 univ.
652 752 746 782 voc.
769 734 932 801 llere.)
955 736 1198 803 praesertim
1218 735 1373 785 itinera
1391 733 1489 793 illa,
1512 735 1675 802 quibus

250 819 463 858 terrarum
490 808 642 859 orbem
666 814 942 879 peragravit,
977 814 1033 863 ad
1058 815 1286 864 Oceanum
1308 832 1448 880 usque
1472 814 1677 863 occiden-

251 883 381 934 talem
394 888 660 953 penetravit,
680 899 723 938 et
738 889 944 940 Herculis
963 889 1189 940 columnas
1208 889 1428 949 condidit,
1443 890 1497 941 ad
1516 891 1677 939 Hercu-

247 959 334 1011 lem
367 961 492 1012 illum
527 965 687 1033 tp'ium
719 968 900 1036 proprie
930 970 1178 1036 pertinere,
1208 981 1249 1018 et
1272 968 1373 1017 inde
1396 967 1450 1017 ad
1473 968 1677 1018 Herculis

249 1040 377 1104 graeci
414 1041 600 1102 famam,
637 1045 707 1095 cui
739 1065 898 1110 magna
929 1047 1058 1097 etiam
1093 1047 1247 1097 itinera
1281 1047 1675 1106 adscribebantur,

247 1129 403 1184 postea
438 1121 672 1171 accessisse
706 1128 735 1170 ¹.
771 1124 953 1173 Poterat
987 1124 1059 1172 hic
1087 1124 1301 1174 Hercules
1338 1125 1478 1192 tyrius
1503 1125 1676 1192 priscus

246 1213 400 1247 eorum
423 1198 554 1248 heros
576 1219 697 1259 esse,
725 1220 855 1268 quem
878 1202 1071 1269 primum
1095 1202 1189 1252 loca
1215 1202 1288 1251 illa
1312 1203 1365 1252 ad
1388 1215 1674 1252 mercaturam

248 1278 502 1340 gravissima
536 1280 695 1331 adiisse
717 1281 832 1330 sama
851 1282 1083 1342 narrabat,
1107 1295 1152 1332 et
1174 1302 1305 1350 quem
1325 1302 1444 1332 nunc
1467 1295 1675 1350 tanquam

247 1354 495 1407 divitiarum
520 1370 564 1408 et
584 1359 771 1409 fortunae
791 1371 1013 1410 auctorem
1035 1372 1166 1428 atque
1189 1361 1418 1428 praesidem
1446 1359 1673 1418 colebant,

245 1432 372 1500 eique
396 1453 480 1501 pro
504 1433 622 1484 felici
651 1455 855 1487 successu
879 1450 980 1487 vota
1004 1438 1235 1488 faciebant.
1273 1440 1370 1488 Hoc
1397 1439 1531 1488 modo
1559 1440 1675 1488 Her-

245 1509 387 1560 culem
412 1511 539 1579 Tyri,
566 1513 858 1578 Carthagine,
886 1514 1086 1564 Gadibus
1122 1516 1218 1582 pari
1248 1515 1466 1579 religione
1504 1514 1673 1563 cultum

245 1606 338 1637 esse
363 1587 575 1653 legimus3
603 1602 647 1639 et
682 1591 829 1642 omnia
859 1593 942 1642 ista
969 1591 1129 1659 templa
1157 1593 1286 1642 donis
1324 1590 1673 1661 opulentissimis

245 1666 426 1716 Herculi
449 1687 501 1718 ex
518 1680 623 1718 voto
641 1668 756 1719 datis
779 1670 1017 1738 conspicua
1035 1670 1225 1720 fuerunt.
1246 1672 1315 1719 De
1331 1669 1493 1737 opibus
1519 1669 1670 1737 templi

246 1743 349 1811 tyrii
378 1744 478 1794 vide
515 1746 616 1796 Dio.
649 1748 804 1806 XLII,
831 1749 924 1816 493
963 1760 1007 1798 et
1029 1748 1254 1805 eumdem,
1287 1748 1469 1803 XLIII,
1503 1746 1596 1813 39,
1621 1747 1674 1795 de

248 1821 415 1890 templo
456 1824 662 1887 gaditano
681 1863 694 1883 ‚
740 1826 864 1894 quod
908 1846 1092 1894 prorsus
1128 1825 1268 1876 simile
1298 1838 1389 1876 erat
1433 1825 1496 1874 illi
1531 1827 1671 1894 tyriog

246 1898 412 1948 Herod.
437 1901 511 1961 ll,
537 1902 628 1965 44;
653 1903 864 1953 Philostr.
893 1905 953 1963 V,
980 1904 1023 1966 4.

312 1976 576 2027 Persuasum
598 1978 700 2044 inde
732 1979 841 2029 mihi
880 1979 1053 2038 habeo,
1082 1981 1308 2029 Romanos
1329 1978 1450 2028 hunc
1474 1998 1669 2036 morem,

243 2053 357 2102 votis
381 2066 426 2103 et
448 2054 642 2106 decumis
664 2057 710 2106 in
734 2056 939 2107 Herculis
960 2078 1032 2109 ara
1066 2058 1252 2116 oblatis,
1278 2057 1451 2107 divitias
1475 2057 1530 2107 ab
1559 2059 1669 2106 Iler-

246 2130 340 2181 cule
367 2134 596 2202 expetendi
615 2173 627 2195 ‚
655 2135 781 2203 eique
802 2156 937 2204 opum
959 2148 1003 2186 et
1018 2136 1206 2186 fortunae
1230 2136 1482 2205 praesidium
1505 2134 1668 2184 adscri-

244 2210 408 2272 bendi,
435 2213 804 2282 quandocumque
834 2214 889 2264 ab
920 2215 1007 2265 hoc
1032 2215 1291 2265 Phoenicum
1318 2232 1438 2263 more
1457 2214 1633 2281 petiisse
1656 2234 1666 2271 ;

245 2302 289 2339 et
310 2302 424 2347 certe
452 2291 525 2340 hic
543 2311 641 2341 mos
665 2311 787 2360 aeque
807 2291 975 2341 accedit
992 2311 1131 2360 prope
1148 2292 1205 2341 ad
1226 2291 1386 2360 tyrium
1410 2291 1533 2340 illum
1555 2292 1669 2340 Iler-

245 2368 406 2429 culem‚
434 2389 567 2438 quam
593 2370 749 2438 procul
781 2390 881 2421 eum
906 2370 1142 2420 abhorrere
1176 2370 1231 2420 ab
1265 2370 1399 2420 heroe
1422 2369 1499 2419 illo
1526 2390 1667 2433 graeco

247 2468 399 2499 omnes
421 2448 636 2499 viderunt.
659 2456 676 2475 ¹

290 2565 299 2583 ¹
328 2563 395 2610 Ipsi
418 2570 539 2610 portus
562 2562 725 2599 Herculis
738 2589 748 2607 ,
771 2575 923 2609 quorum
991 2569 1067 2606 tur,
1087 2563 1145 2609 qui
1163 2562 1283 2598 omnia
1301 2562 1338 2598 in
1356 2562 1549 2597 Herculem
1575 2569 1667 2598 tarn-

244 2614 280 2650 in
299 2615 397 2651 Italia
411 2614 526 2662 plures
541 2623 732 2652 occurrunt
746 2642 755 2659 ‚
777 2616 825 2651 H.
842 2615 924 2651 Mo·
989 2628 1095 2661 quam
1125 2628 1258 2651 nomen
1282 2615 1421 2661 aliquod
1446 2615 1575 2650 illustre
1602 2628 1667 2650 cu-

243 2667 333 2704 noeei
345 2694 355 2712 ,
370 2668 539 2706 Labi-onis
550 2696 559 2714 ,
574 2669 611 2705 in
624 2669 751 2716 quihus
762 2668 856 2704 fama
873 2682 925 2706 ac·
989 2667 1380 2713 mutabant.videwrg.
1391 2668 1458 2703 vol.
1472 2669 1525 2704 m
1539 2675 1667 2704 nostro

241 2720 333 2758 redit
345 2747 356 2766 ,
376 2733 436 2757 eos
452 2722 494 2757 ab
508 2722 582 2768 ipso
595 2721 748 2758 Hercule
763 2721 923 2758 condito·
991 2721 1079 2757 con.
1094 2735 1169 2768 pag.
1184 2721 1267 2764 2⁰3,
1286 2727 1360 2756 not.
1385 2721 1458 2756 ⁸31.
1478 2721 1541 2755 Ed.

243 2787 315 2810 esse
326 2800 337 2819 ‚
352 2772 395 2810 ad
408 2773 592 2811 Phoenices
607 2774 783 2821 pertinere
799 2774 922 2811 viden·
1032 2776 1048 2795 ³
1059 2773 1169 2821 Quod
1179 2773 1206 2810 ιί
1224 2773 1328 2821 igitur
1341 2773 1376 2808 in
1390 2773 1496 2822 Syllae
1510 2773 1664 2810 nummi.-
