1826 3054
533 247 927 294 FASTORUM
961 249 1099 293 LIB.
1141 251 1200 295 V.

1498 251 1586 311 329

234 340 372 389 Stella
398 352 465 390 est
486 341 532 388 in
554 360 689 390 cunas
709 341 907 390 officiosa
926 341 1063 389 Jovis.

170 417 376 465 Nascitur
395 414 564 466 Oleniae
585 417 761 480 signum
780 416 972 484 pluviale
996 415 1210 483 Capellaet

233 495 314 544 Illa
335 495 450 553 dati,
475 495 626 544 caelum
640 533 653 554 ‚
675 496 854 563 praemia
875 495 1001 544 lactis
1020 495 1168 545 habet.

170 577 277 623 Na'l's
298 574 527 623 Amalthea
544 613 554 629 ‚
581 576 748 623 Cretaea
768 574 937 624 nobilis
959 575 1040 623 Ida
1053 612 1066 633 ‚
1529 587 1587 621 {15

234 653 409 702 Dicitur
427 654 470 701 in
496 653 617 702 silvis
639 653 883 703 occuluisse
900 655 1071 702 Jovem.

172 729 288 776 Huic
310 729 396 777 suit
420 730 648 779 baedorum
669 742 810 778 mater
829 729 1026 778 formosa
1047 728 1235 778 duorum
1251 766 1262 787 ‚

235 809 356 857 Inter
376 809 571 858 Dictaeos
593 809 900 876 conspicienda
921 828 1098 872 greges,

175 885 399 934 Cornibus
423 886 551 935 aeriis
572 898 706 953 atque
728 887 776 934 in
798 906 877 935 sua
901 899 1023 949 terga
1044 886 1237 935 recurvis
1251 923 1264 943 ‚

236 965 385 1014 Ubere
401 1003 414 1023 ‚
438 966 562 1032 quod
585 966 734 1014 nutrix
758 978 910 1033 posset
930 966 1093 1015 habere
1114 966 1250 1014 Jovis.
1528 992 1590 1013 120

173 1042 261 1089 Lac
285 1041 419 1089 dabat
442 1041 516 1089 illa
544 1042 626 1090 deo
648 1062 658 1089 :
684 1042 762 1090 sed
783 1042 914 1105 fregit
938 1042 984 1090 in
1001 1042 1160 1091 arbore
1185 1060 1351 1099 cornu3

237 1117 500 1183 Truncaque
523 1117 704 1166 dimidia
722 1130 847 1184 parte
870 1118 1041 1167 decoris
1062 1130 1167 1166 erat.

176 1190 368 1240 Sustulit
386 1192 474 1240 hoc
491 1193 723 1259 Nymphe;
747 1193 1027 1260 cinctumque
1050 1194 1301 1243 recentibus
1321 1193 1473 1243 herbis
1485 1232 1496 1251 ‚

224 1303 238 1323 ι
246 1290 296 1324 ι3.
307 1291 462 1326 Mmaeus
472 1290 663 1326 tradiderat
671 1317 681 1335 ,
691 1291 820 1326 Jovem
832 1304 852 1326 a

177 1341 351 1377 Themide
363 1349 399 1377 et
408 1343 594 1378 Amalthea
603 1343 766 1390 Nympha
778 1356 850 1378 esse

177 1394 364 1430 educatum
376 1410 385 1436 ;
397 1396 487 1431 hanc
497 1409 637 1442 capram
648 1396 805 1431 habuisse
814 1397 851 1431 in

178 1446 307 1482 deliciis
319 1473 328 1489 ,
349 1460 426 1492 quae
446 1448 496 1482 lac
516 1448 697 1493 praeberet.
713 1447 852 1482 Theon.

176 1498 218 1533 ad
232 1499 329 1534 Arai.
343 1499 387 1543 64
397 1525 409 1541 ‚
428 1499 486 1533 ubi
503 1506 605 1545 poeta
620 1500 764 1541 Ὠλενίη-ι
779 1503 853 1544 ἆιγα

174 1559 349 1586 memorat
362 1578 373 1595 ‚
402 1551 618 1586 Amaltheam
644 1552 724 1589 facit
754 1553 859 1587 Oleni

175 1604 293 1639 filiam.
309 1605 552 1639 Parmeniscus
564 1631 574 1648 ,
596 1605 655 1650 qui
670 1612 706 1639 et
722 1605 794 1650 ipse
815 1605 853 1639 in

175 1658 326 1692 Aratum
338 1665 597 1693 commentatus
608 1666 702 1701 erat,
714 1658 854 1703 scripse·

174 1717 229 1744 rat
241 1736 250 1752 ,
270 1709 313 1744 ad
329 1710 481 1745 hlelissei
493 1737 503 1753 ,
521 1711 611 1756 regis
629 1712 831 1745 Cretensium
842 1738 851 1751 ‚

176 1761 262 1796 filias
271 1762 376 1807 (quas
383 1762 589 1798 Adrasteam
598 1770 632 1797 et
642 1762 741 1798 Idam
751 1762 855 1808 Apol-

177 1811 318 1848 lodorus
336 1815 457 1857 vocat)
478 1814 604 1849 Jovem
622 1814 854 1849 nutriendum

180 1877 251 1898 esse
272 1864 426 1899 delatum
442 1879 451 1907 ;
474 1878 531 1900 eas
545 1878 629 1900 vero
642 1892 652 1909 ,
677 1879 787 1911 quum
803 1867 856 1902 lac

180 1927 253 1948 non
278 1914 448 1950 haberent
468 1943 479 1959 ‚
515 1929 655 1962 capram
679 1917 854 1952 admisisse

181 1968 395 2002 Amaltheam
417 1969 582 2011 nomine3
606 1983 684 2004 eam
705 1975 856 2014 geminos

182 2021 294 2053 hedos
305 2020 363 2053 illo
377 2027 532 2065 tempore
544 2034 616 2055 esse
627 2021 782 2065 enixam,
796 2022 857 2066 qui

182 2084 263 2105 cum
286 2078 397 2105 matre
421 2071 513 2105 inter
529 2071 641 2119 sidera
659 2072 730 2106 sint
747 2072 857 2106 relati.

184 2124 275 2158 Vide
294 2125 479 2170 scriptores
494 2124 601 2159 modo
616 2124 782 2160 laudatos.

226 2178 405 2217 Nascitur,
424 2177 597 2211 oritur.—
608 2178 773 2211 Plum'alis
791 2178 859 2211 Ca-

176 2230 271 2272 pella
288 2229 393 2262 etiam
418 2229 552 2263 Plinius
568 2255 578 2271 ,
604 2229 735 2264 XVIII
748 2255 758 2272 ‚
788 2229 830 2263 26
847 2255 858 2271 ‚

183 2280 263 2324 quia
278 2287 358 2314 ortu
375 2293 439 2314 suo
455 2280 607 2326 pluviam
625 2280 783 2322 nuntiam
803 2281 859 2316 111

183 2331 329 2365 Metam.
347 2333 412 2379 594
430 2345 438 2366 :
459 2346 475 2361 τ(
498 2331 636 2367 Oleuiae
658 2331 752 2366 sidus
774 2332 860 2378 plu-

186 2398 203 2412 n
216 2383 300 2418 viale
314 2383 466 2430 Capella:
478 2400 486 2426 3
501 2400 518 2414 ’³
532 2385 648 2430 itaque
659 2392 694 2419 et
705 2384 772 2419 hoc
784 2385 860 2420 loco

185 2435 326 2480 quidam
340 2439 453 2477 sidus,
474 2450 547 2471 non
562 2441 692 2482 signum
709 2436 859 2479 habent;

184 2486 243 2521 sed
255 2487 367 2521 sidera
374 2488 552 2534 eleganter
559 2492 660 2533 signa
673 2496 842 2524 vocantur
850 2503 859 2531 ;

185 2539 264 2574 vide
282 2540 421 2576 Ernest.
436 2540 533 2576 Clav.
549 2541 664 2576 Cicer.
684 2542 746 2576 hac
765 2555 860 2577 voce.

187 2591 323 2626 Eadem
346 2596 460 2628 celum
485 2597 606 2629 habere
633 2594 819 2636 dicuntur;
842 2595 860 2630 I

190 2644 266 2677 Art.
283 2644 399 2679 Amat.
411 2647 473 2691 557
484 2658 493 2679 :
504 2647 631 2680 Munus
640 2649 726 2681 habe
735 2649 860 2681 caelum.

188 2697 326 2731 -Post
348 2699 472 2732 Cretaea
493 2699 653 2733 nonnulli
676 2698 810 2733 addunt
830 2704 865 2734 et

190 2756 248 2784 aut
262 2762 344 2794 que,·
360 2748 443 2785 inde
452 2750 616 2787 Heinsius
629 2752 769 2798 conjicit
783 2754 863 2787 Cre·-

914 1293 1006 1326 teide
1019 1298 1079 1326 aut
1099 1293 1261 1326 Curetida
1276 1310 1320 1317 —
1338 1291 1475 1337 Copula
1489 1298 1526 1326 et
1536 1299 1595 1325 ant

915 1357 979 1389 quc
993 1343 1089 1378 abest
1102 1356 1122 1377 a
1137 1343 1263 1377 nostris
1280 1344 1409 1389 Regiis.

963 1408 976 1428 1
986 1408 1034 1442 ¹9·
1047 1395 1173 1435 Aeria,
1188 1394 1225 1428 in
1238 1407 1317 1429 aera
1326 1408 1362 1429 se
1374 1394 1574 1429 adtollentia
1584 1419 1594 1436 ‚

917 1446 1003 1488 alta3
1023 1446 1071 1481 sic
1084 1450 1174 1481 aerii
1182 1455 1325 1487 montes,
1345 1451 1444 1481 aerioe
1460 1449 1596 1480 arbores

917 1498 1011 1544 apud
1024 1506 1206 1544 poetas.—
1215 1501 1359 1541 Posset,·
1376 1497 1596 1534 francofurt.

916 1554 1029 1592 debet,
1050 1563 1123 1585 non
1136 1551 1355 1597 improbante
1366 1552 1594 1589 Burmanno;

918 1602 1068 1636 alterum
1084 1603 1218 1638 melius.
1228 1605 1426 1644 —Trnnca,
1445 1604 1595 1648 privata3

919 1654 973 1688 IX
991 1655 1139 1690 NIetam.
1160 1670 1172 1690 ι
1186 1656 1307 1701 ‚frons
1320 1665 1455 1696 trunca,
1476 1656 1532 1690 cui
1549 1655 1597 1689 al-

918 1712 1035 1741 terum
1051 1721 1161 1743 cornu
1178 1709 1365 1743 revulsum.
1382 1709 1433 1744 lb.
1445 1710 1508 1755 98,
1524 1707 1597 1742 haec

919 1760 1069 1795 revulsio
1079 1763 1192 1794 ablati
1194 1761 1335 1804 jactura
1350 1765 1480 1796 decoris
1495 1773 1601 1795 voca-

919 1820 988 1848 tur.
1003 1832 1046 1838 —
1067 1813 1170 1848 Serta
1186 1827 1227 1848 ex
1241 1815 1352 1847 herbis
1373 1821 1433 1848 aut
1451 1812 1597 1847 florIbus

917 1866 1137 1911 frequentior
1164 1872 1308 1900 ornatus
1333 1865 1424 1911 apud
1452 1872 1598 1900 veteres.

920 1917 1141 1965 Pherecydes
1152 1944 1162 1960 ,
1177 1918 1236 1962 qui
1252 1917 1288 1952 in
1306 1917 1369 1952 hac
1378 1917 1494 1951 sabula
1507 1916 1596 1951 nihil

920 1969 963 2004 de
982 1969 1111 2015 capella
1132 1969 1302 2004 habuerat
1315 1995 1325 2012 ,
1348 1968 1572 2003 Amaltheam
1585 1994 1596 2010 ,

922 2021 1103 2056 Haemonii
1124 2021 1231 2055 filiam
1245 2047 1255 2064 ‚
1281 2020 1471 2055 tradiderat
1496 2033 1600 2055 cornu

921 2074 1099 2117 habuisse,
1116 2074 1211 2120 quod
1230 2074 1411 2120 potulenta
1431 2080 1467 2108 et
1489 2087 1598 2109 escu-

921 2125 1016 2160 lenta
1031 2126 1171 2171 largiter
1185 2126 1375 2172 praeberet3
1395 2126 1599 2172 Apollodor.

924 2179 961 2213 11
973 2205 983 2222 ‚
997 2189 1053 2213 vn
1062 2205 1071 2222 ,
1085 2181 1115 2213 5.
1128 2180 1175 2214 Et
1186 2187 1322 2215 veteres
1331 2180 1495 2214 comibus
1505 2180 1599 2214 varie

924 2230 1115 2265 utebantur
1124 2257 1134 2273 ,
1154 2231 1259 2266 etiam
1275 2232 1318 2266 ad
1329 2232 1446 2277 fruges
1456 2244 1601 2266 servan-

924 2282 1003 2324 das;
1023 2283 1075 2317 lx
1089 2282 1177 2318 Met.
1196 2296 1235 2330 9¹
1253 2309 1263 2326 ,
1280 2283 1446 2331 Nympha
1460 2283 1528 2318 sert
1548 2290 1603 2317 to-

924 2341 992 2368 tum
997 2336 1170 2378 predivite
1177 2347 1280 2369 cornu
1290 2337 1505 2370 Autumnum.
1522 2335 1602 2369 Hoc

924 2386 1030 2431 igitur
1050 2385 1325 2420 fundamentum
1349 2386 1474 2420 sabulae
1498 2386 1601 2420 fuisse

924 2438 1083 2479 videtum
1100 2451 1202 2472 cornu
1214 2437 1312 2480 fecit,
1329 2444 1368 2472 ut
1382 2450 1463 2472 mox
1472 2440 1604 2482 capella

925 2490 1221 2536 interponeretur.
1240 2509 1286 2516 —
1304 2488 1404 2525 Olim
1433 2489 1603 2525 edebatur

926 2546 1094 2587 cinxitque
1104 2533 1297 2576 decea‘tibus
1309 2543 1419 2576 herbis
1429 2553 1443 2585 ;
1459 2542 1602 2588 quidam

926 2597 1107 2630 virentibus
1119 2622 1129 2636 ,
1155 2595 1258 2629 multi
1282 2596 1457 2630 decoribus
1466 2622 1476 2637 ‚
1507 2596 1601 2641 quod

928 2646 1097 2682 Heinsius
1106 2646 1269 2692 exemplis
1284 2646 1430 2682 illustrat
1440 2673 1450 2690 ,
1466 2648 1526 2682 ubi
1542 2647 1603 2682 ad-

927 2697 1053 2743 jectiva
1072 2701 1174 2733 decor
1193 2704 1230 2733 et
1250 2700 1387 2733 indecor
1403 2705 1602 2734 occurrunt.

929 2751 999 2787 Sed
1012 2754 1198 2788 recentibus
1216 2759 1267 2788 est
1281 2766 1300 2788 e
1319 2753 1506 2796 Patavino,
1521 2753 1603 2787 Ma-
