1826 3054
521 261 920 308 FASTORUM
971 261 1105 304 LIB.
1144 263 1213 305 ΙΙ.

169 357 410 421 vagierunt
431 355 619 404 clamore
640 354 737 421 pari
756 374 767 402 :
789 354 951 403 sentire
972 365 1165 420 putares.

1497 280 1509 305 Ι
1527 279 1585 323 19

1510 371 1576 414 405

233 436 293 483 Hi
318 434 500 483 redeunt
523 433 625 482 udis
647 432 695 480 in
721 451 800 481 sua
823 442 935 480 tecta
959 430 1095 494 genis.

170 512 368 560 Sustinet
390 510 624 577 impositos
647 527 817 558 summa
838 526 970 557 cavus
986 506 1133 556 alveus
1151 506 1294 556 unda:

234 591 359 637 Heu!
386 599 600 655 quantum
622 586 702 635 sati
722 604 854 653 parva
875 583 1032 634 tabella
1056 585 1202 634 vehit!

169 667 331 716 Alveus
354 667 400 714 in
422 665 528 714 limo
543 702 557 722 ‚
581 664 704 712 silvis
724 662 938 730 appulsus
956 662 1104 730 opacis
1117 700 1131 720 ,

235 743 450 792 Paulatim
467 780 480 800 ‚
502 743 636 790 fluvio
662 741 908 799 deficiente,
933 740 1066 790 sedet.

1520 753 1586 798 410

171 822 320 870 Arbor
340 832 434 870 erat
452 841 462 868 ε
486 831 712 868 remanent
730 818 914 881 vestigia
934 838 945 867 ε
967 836 1148 885 quaeque
1170 829 1350 865 vocatur

236 899 427 948 Rumina
451 916 569 946 nunc
589 897 699 946 ficus
713 934 726 956 ‚
750 895 941 946 Romula
960 897 1070 944 ficus
1093 907 1198 944 erat.

165 1016 261 1047 pom.
283 1003 401 1037 Patav.
413 1004 573 1045 pignora,
602 1000 697 1046 quod
710 1013 847 1036 venus—

172 1062 248 1089 tum
259 1053 387 1098 judicat
400 1054 521 1087 Heins-
534 1053 707 1098 Respectu
718 1065 849 1098 paren-

174 1114 252 1141 tum
273 1105 372 1140 liberi
393 1117 475 1139 sane
500 1104 666 1139 dicunntur
684 1108 847 1148 pignora,

174 1156 235 1192 sed
262 1156 335 1191 talis
363 1161 538 1202 respectus
561 1155 618 1190 hic
647 1155 763 1190 nullus
788 1161 850 1189 est.

179 1211 324 1252 Corpora
342 1216 464 1244 contra
484 1209 531 1244 sic
548 1209 638 1243 bene
658 1208 785 1244 dicitur
806 1207 851 1242 de

177 1261 386 1296 hominibus.
393 1261 503 1296 Tacit.
512 1261 580 1295 An.
590 1260 656 1303 lv,
670 1274 723 1306 72,
734 1274 752 1289 ιι
766 1259 851 1294 Cor*

180 1327 198 1342 ›-
215 1325 299 1358 pora
312 1313 502 1358 conjugum
513 1319 573 1346 aut
583 1311 772 1346 liberorum
783 1324 852 1347 ser·

180 1379 198 1395 υ
215 1365 298 1399 vitio
317 1363 508 1398 tradebant.
523 1379 542 1394 ι·
558 1363 656 1409 Virg.
670 1363 756 1398 AEn.
776 1364 829 1398 lx
839 1389 850 1408 ‚

179 1430 241 1461 27²
253 1442 263 1458 ‚
275 1430 292 1445 κ
310 1415 491 1450 lectissima
499 1422 655 1450 matrum
666 1426 822 1460 corpora.
831 1428 851 1444 ³·

178 1468 234 1503 De
253 1468 305 1503 his
323 1468 403 1513 ipsis
421 1468 537 1514 pueris
560 1481 641 1502 mox
659 1480 746 1502 vers.
762 1467 848 1511 418,

176 1533 314 1564 corpora
328 1522 418 1554 bina.
428 1538 470 1546 —-
483 1521 662 1565 Vagienmt
671 1525 737 1554 etc.
751 1517 854 1553 Con-

177 1572 231 1608 fer
244 1574 297 1609 XI
309 1573 456 1608 Heroid.
471 1575 524 1609 85.

219 1627 295 1670 407.
306 1627 432 1660 Alaeus
441 1653 450 1666 ‚
468 1624 638 1671 quidquid
651 1625 689 1659 in
701 1624 852 1659 formam

177 1678 467 1712 semicircularem
485 1685 687 1713 excavatum
702 1684 764 1712 est.
780 1678 854 1712 lta-

177 1743 244 1775 que
255 1743 358 1765 cavus
367 1730 483 1765 abesse
494 1729 639 1775 quidem
648 1736 780 1775 possen
792 1729 854 1764 sed

177 1789 279 1827 poeta
294 1794 337 1817 eo
355 1795 494 1817 cainam
513 1781 642 1816 diserte
659 1781 854 1827 exprimere

176 1828 286 1868 voluit
297 1859 307 1876 ‚
325 1847 389 1868 cur
410 1846 499 1878 aqua
517 1833 720 1868 sustinuerit
739 1833 856 1879 impo-

177 1886 269 1920 sitos.
284 1885 443 1921 Strothio
459 1884 502 1920 ad
517 1885 590 1920 Liv.
607 1886 624 1920 1
635 1911 646 1929 ‚
665 1887 708 1929 4,
730 1899 855 1931 parum

179 1938 374 1973 verosimile
389 1937 529 1973 videtur
540 1963 550 1981 ,
571 1950 697 1984 pueros
710 1942 747 1972 in
761 1941 857 1973 alveo

180 2003 252 2025 esse
268 1990 446 2035 impositos
459 2003 576 2035 aqua,
593 2004 703 2036 quum
718 1991 805 2025 nudi
818 1991 855 2025 in

181 2056 261 2077 eam
281 2043 381 2087 abjici
398 2043 601 2088 potuissent.
618 2044 696 2089 Ego
714 2057 799 2079 vero
819 2045 857 2078 in

182 2094 249 2130 hoe
258 2108 332 2130 non
343 2095 515 2131 haeserim.
531 2095 669 2140 Quidni
681 2109 807 2142 pueros
819 2098 857 2132 in

183 2148 281 2182 alveo
296 2148 468 2193 portas-int
481 2147 498 2182 ?
515 2147 638 2193 quidni
655 2161 715 2182 eos
733 2148 801 2190 sic,
819 2155 859 2183 ut

184 2207 364 2245 portarant
382 2226 393 2241 ‚
419 2213 518 2245 aquae
538 2200 771 2245 imposuerint
784 2199 801 2234 ?
815 2219 861 2227 —

188 2252 453 2296 Quantumsan’,
478 2253 599 2298 quanti
616 2252 716 2298 regni
732 2252 861 2287 condi-

185 2312 298 2340 torem
314 2318 356 2340 ex
369 2304 442 2339 sato
463 2304 634 2339 futurum.
656 2305 729 2339 Liv.
753 2306 792 2348 l,
818 2307 859 2349 4,

186 2371 203 2385 ·‹
213 2356 418 2392 Debebatnr
425 2356 503 2391 satis
512 2363 618 2391 tante
627 2357 726 2402 origo
735 2356 863 2391 urbis.»

185 2408 230 2442 In
245 2408 358 2443 verbis
370 2413 528 2453 quantun
534 2407 615 2452 sati
629 2416 664 2442 et
675 2422 784 2452 parva
798 2415 861 2442 la—

186 2462 275 2494 bella
289 2460 451 2504 preclara
466 2467 518 2495 est
532 2461 703 2507 oppositio
712 2487 722 2504 ,
742 2474 863 2506 quem-

190 2511 379 2546 admodum
402 2514 497 2547 uehit
519 2513 610 2547 bene
631 2513 796 2548 convenit
819 2519 862 2561 τῷ

188 2567 338 2598 sustinet.
346 2564 444 2599 Male
450 2564 557 2610 igitur
564 2565 744 2608 Heinsius,
752 2578 863 2610 quum

191 2614 332 2660 quidam
341 2629 442 2650 cuna
448 2618 573 2651 tabella
579 2616 764 2662 preferant
773 2643 783 2660 ‚
792 2630 864 2651 cur-

190 2674 229 2701 ta
235 2667 367 2701 mavult
377 2693 387 2710 ,
397 2674 474 2702 tum
483 2669 640 2704 exaltero
648 2670 779 2703 Mazar.
791 2681 863 2704 uno

194 2716 321 2751 Medic.
344 2718 492 2754 Hetmst.
506 2722 634 2754 tabella
638 2719 723 2764 suit.
738 2719 863 2755 Caete-

193 2779 272 2801 rum
299 2767 390 2804 hanc
417 2782 494 2805 rem
522 2784 667 2807 omnem
694 2772 865 2817 copiosius

910 999 1132 1046 persequitur
1147 997 1196 1042 Q.
1214 997 1341 1031 Fabius
1359 996 1479 1031 Pictor
1500 995 1591 1041 apud

912 1053 1151 1100 Dionys—Iu
1166 1054 1246 1085 limo
1261 1053 1363 1085 sedet.
1380 1050 1453 1083 Liv.
1470 1049 1505 1083 11
1519 1075 1529 1091 ‚
1547 1052 1567 1084 5
1579 1075 1590 1091 ‚

915 1119 933 1135 οι
950 1105 987 1139 in
1002 1104 1097 1139 vadis
1116 1103 1286 1138 frumenti
1307 1114 1447 1136 acervos
1465 1101 1591 1135 sedisse

915 1160 935 1187 ἰο
949 1156 1051 1191 illitos
1061 1156 1156 1191 limo.
1170 1171 1189 1186 ι»
1202 1155 1323 1189 -Pro
1334 1156 1496 1198 appulsus
1512 1159 1592 1187 octo

917 1208 1014 1243 MSS
1028 1211 1192 1253 impulsus
1202 1234 1211 1247 ‚
1229 1206 1323 1252 quod
1341 1205 1489 1240 Lenzius
1504 1216 1597 1250 prae-

916 1260 995 1294 tulit
1010 1286 1019 1303 ,
1037 1260 1118 1305 quia
1134 1259 1200 1294 hoe
1215 1259 1322 1293 verbo
1337 1269 1463 1302 magna
1479 1258 1529 1290 vis
1542 1257 1597 1289 in-

916 1311 1051 1347 dicetur
1067 1338 1077 1355 ‚
1100 1324 1168 1357 qua
1197 1310 1323 1345 fluctus
1349 1309 1486 1343 alveum
1511 1307 1597 1342 limo

915 1364 1135 1410 impegerint.
1155 1363 1202 1398 At
1213 1370 1252 1397 ut
1264 1361 1416 1397 alveolus
1430 1359 1596 1406 paulatim

914 1417 951 1451 in
968 1416 1054 1450 limo
1069 1415 1188 1451 sedeat
1198 1443 1209 1459 ,
1227 1427 1300 1449 non
1316 1427 1405 1460 opus
1420 1420 1473 1448 est
1485 1412 1595 1447 vehe-

915 1468 1089 1503 mentiore
1104 1467 1258 1513 impulsu
1274 1478 1446 1512 aquarum
1458 1479 1466 1505 3
1480 1477 1597 1509 neque

914 1520 951 1555 in
974 1521 1110 1555 lenibus
1134 1519 1264 1565 stagnis
1288 1518 1416 1564 egressi
1441 1515 1599 1553 fluminis

916 1572 934 1618 (
953 1573 1027 1607 Liv.
1042 1574 1059 1608 1
1072 1599 1082 1616 ,
1098 1574 1165 1616 4),
1189 1572 1316 1606 fluctus
1340 1583 1412 1606 esse
1435 1575 1599 1615 poterant

917 1626 1096 1661 commoti.
1103 1626 1220 1660 Immo
1227 1625 1425 1659 fluitantem
1433 1622 1598 1667 aliquam-

918 1678 979 1713 diu
995 1678 1133 1713 alveum
1150 1676 1295 1712 tandem
1311 1675 1428 1710 tenuis
1450 1687 1539 1719 aqua
1561 1674 1597 1707 in

917 1732 1007 1767 sicco
1023 1731 1189 1766 destituit.
1205 1730 1263 1765 Sic
1279 1729 1415 1771 Livius,
1432 1727 1597 1771 idemque

918 1783 1028 1818 voluit
1039 1790 1075 1818 et
1085 1782 1332 1818 Ovidius.-In
1351 1780 1462 1815 tribus
1473 1778 1599 1813 nostris

922 1836 1039 1881 Regiis
1055 1835 1183 1881 legitur
1197 1836 1368 1878 appulsus.
1384 1832 1493 1866 Bene.
1510 1832 1578 1864 Ed.

963 1890 1000 1931 41
1012 1902 1037 1922 ι.
1056 1887 1234 1930 Liv.1,4,
1254 1901 1271 1916 κ
1288 1886 1325 1920 in
1339 1884 1496 1930 proxima
1512 1882 1601 1917 allu-

922 1955 941 1970 »
956 1940 1010 1974 vie
1025 1965 1035 1982 ,
1054 1939 1112 1973 ubi
1127 1951 1224 1973 nunc
1237 1937 1323 1972 ficus
1335 1935 1534 1971 Ruminalis
1548 1942 1601 1969 est

922 2006 941 2021 ¹·
959 1991 1214 2035 (Romularem
1232 1996 1392 2024 vocatam
1408 1985 1565 2032 ferunt.)
1580 2001 1599 2016 ιο

921 2043 1098 2079 Plutarch.
1116 2043 1188 2078 Vit.
1207 2043 1311 2077 Rom.
1326 2044 1348 2085 4
1360 2067 1370 2084 ,
1390 2041 1507 2087 plures
1525 2052 1601 2074 no·-

922 2095 1027 2130 minis
1042 2108 1159 2130 causas
1170 2094 1300 2135 adfert3
1312 2093 1462 2128 maxime
1477 2092 1602 2137 probat

925 2151 978 2184 διὰ
997 2151 1047 2184 τᾶν
1066 2154 1126 2185 τῶν
1142 2154 1260 2197 βρεφῶν
1280 2149 1454 2192 Βηλασμᾶΐ
1479 2149 1525 2181 ἔτι
1545 2149 1600 2185 τίν

922 2218 955 2237 τε
975 2207 1076 2242 ,θηλὴν
1096 2203 1211 2251 ῥοῦμαν
1233 2203 1389 2246 ὦνίμαζη
1415 2204 1443 2249 pi
1462 2203 1614 2248 ι-σελοιωί.ἱ

927 2252 1031 2287 Cous.
1045 2252 1141 2287 idem
1151 2252 1287 2297 Quat.
1297 2253 1403 2287 Rom.
1412 2258 1498 2286 tom.
1505 2249 1578 2283 vu
1590 2274 1600 2290 ,

925 2316 1002 2349 pag.
1023 2306 1095 2338 125.
1110 2304 1233 2339 Festus
1248 2317 1258 2339 ε
1273 2318 1293 2333 α
1311 2304 1471 2338 Mamma
1484 2307 1603 2335 autem

927 2369 946 2386 κ
962 2355 1072 2389 rumis
1082 2354 1228 2398 dicitur,
1241 2355 1312 2390 sive
1323 2366 1433 2389 ruma.
1447 2367 1464 2383 ι·
1481 2353 1603 2396 ltaque

926 2413 1048 2451 putem
1059 2432 1070 2449 ‚
1082 2408 1264 2441 Βιιιίιαιι
1277 2405 1380 2440 fuisse
1393 2415 1526 2439 nomen
1539 2414 1605 2436 an-

927 2459 1085 2503 tiquum,
1110 2458 1190 2503 quia
1212 2469 1308 2492 rnna
1327 2468 1401 2491 non
1422 2454 1489 2490 nisi
1510 2453 1605 2488 anti-

928 2510 1004 2554 quis
1020 2508 1395 2554 usitatum.—Defica
1409 2505 1477 2540 vid.
1488 2505 1604 2539 Varro

928 2562 971 2597 de
987 2562 1086 2607 Ling.
1104 2561 1178 2596 Lat.
1197 2560 1263 2604 lv,
1281 2573 1313 2606 p.
1335 2559 1384 2595 ι6.
1405 2558 1450 2594 In
1469 2569 1606 2592 memo-

927 2615 1018 2648 riam
1041 2614 1117 2659 ejus
1138 2613 1204 2648 alia
1222 2620 1296 2648 sata
1319 2618 1372 2648 eat
1393 2618 1429 2646 et
1450 2610 1542 2646 culta
1565 2609 1602 2643 in

931 2666 1087 2702 Comitio
1108 2667 1271 2702 Romano
1287 2692 1298 2711 ,
1324 2677 1404 2711 qne
1427 2664 1518 2699 aruit
1542 2663 1606 2696 suh

930 2720 1084 2755 Nerone.
1113 2719 1245 2755 Plinius
1261 2745 1272 2763 ,
1298 2718 1389 2761 XV,
1410 2730 1453 2752 πο
1466 2743 1476 2760 ,
1492 2715 1610 2760 ibique

930 2771 1115 2807 harduin.
1132 2771 1246 2807 Tacit.
1258 2770 1330 2806 Au.
1343 2770 1455 2813 xul,
1472 2769 1526 2803 58.
