1826 3054
534 241 605 284 IN
636 238 887 283 0V1D11‘
910 235 1191 282 FAS‘Tos.
1480 237 1562 293 461

162 337 249 400 (de
276 335 437 402 quibus
458 333 601 381 fusius
624 333 768 392 infra)
799 342 842 379 et
874 330 928 378 ad
958 329 1155 378 eumdem
1178 347 1361 395 prorsus
1390 329 1581 378 modum·

165 421 210 466 in
235 420 288 466 iis
303 456 314 475 ,
339 435 452 484 quos
470 416 524 463 F
520 416 648 463 ulvius
666 414 871 468 Nobilior,
896 413 1078 461 Catonis
1097 410 1276 479 aequalis
1297 423 1340 460 et
1362 412 1496 460 Ennii
1514 411 1577 459 sa-

164 500 346 550 miliaris
367 500 414 546 in
437 498 527 546 aede
550 496 752 545 Herculis
765 507 808 544 et
821 496 1050 543 Musarum
1062 514 1086 542 a
1099 514 1143 542 se
1156 493 1335 542 condita
1355 495 1411 556 (F
1411 504 1492 541 ast.
1510 495 1575 540 VI

165 584 211 631 in
234 583 347 645 fine)
371 592 599 647 posuerat,
628 579 844 645 simulque
858 578 982 626 brevi
1001 577 1284 625 annotatione
1308 575 1475 641 adjecta
1494 594 1578 623 no-

163 665 360 712 minibus
401 663 621 728 rebusque
656 661 848 727 antiquis
880 659 1148 726 explicandis
1176 675 1353 725 operam
1384 656 1575 705 dederat.

165 746 364 794 Macrob.
385 747 427 802 Ι,
448 757 516 792 XII
529 782 540 801 ‚
572 745 628 792 13
640 782 653 801 ‚
676 745 757 810 qui.
768 743 936 792 Maium
954 754 996 790 et
1012 742 1196 789 Junium
1213 741 1279 788 ibi
1295 759 1321 788 a
1338 739 1577 804 majoribus

166 827 349 875 derivari
375 827 531 884 tradit,
559 838 602 873 et
626 828 672 883 l,
702 826 758 874 13
774 863 786 883 ,
810 826 865 873 de
887 823 1213 873 intercalatione
1230 822 1350 872 haud
1367 821 1499 870 dubie
1525 820 1579 869 ad

164 909 341 957 eosdem
363 910 519 957 Fastos
538 908 727 974 respicit.
747 908 1005 956 Laudantur
1028 907 1159 955 iidem
1182 926 1207 954 a
1231 905 1449 954 Charisio.

231 989 522 1038 Peculiarium
544 1002 690 1038 autem
711 989 927 1039 librorum
945 990 1045 1038 data
1064 1008 1197 1055 opera
1214 989 1260 1035 in
1282 988 1424 1036 Fastis
1446 985 1585 1054 expli-

167 1071 316 1119 candis
338 1072 603 1120 versantium
625 1071 774 1138 plures
797 1085 999 1121 auctores
1020 1071 1259 1129 habemus,
1285 1088 1475 1136 quorum
1497 1087 1583 1116 no-

167 1154 310 1202 titiam
341 1154 580 1221 praesertim
617 1155 849 1204 Macrobio
875 1167 918 1204 et
943 1157 1073 1203 Festo
1106 1153 1394 1210 debebamus,
1420 1151 1584 1218 quibus

167 1255 286 1284 nunc
321 1237 585 1286 Laurentius
618 1238 768 1304 Lydus
790 1237 967 1286 accedit.
998 1265 1049 1273 —
1076 1236 1249 1299 Agmen
1269 1253 1443 1292 eorum,
1470 1251 1585 1300 quos

168 1318 374 1368 novimus
388 1357 399 1377 ‚
424 1319 544 1367 ducit
560 1339 719 1368 nomen
743 1321 791 1367 in
811 1320 1034 1369 historicis
1054 1332 1097 1367 et
1117 1318 1378 1384 antiquariis
1396 1315 1586 1365 celeber-

168 1401 330 1449 rimum
355 1400 518 1448 Cincius
537 1402 774 1451 Alimentus
786 1421 805 1457 ;
829 1413 938 1468 post
956 1420 1055 1449 eum
1078 1419 1190 1466 saepe
1212 1399 1416 1447 laudatur
1432 1398 1478 1445 in
1500 1398 1586 1444 hoc

168 1481 300 1529 etiam
325 1500 503 1544 genere,
526 1482 739 1531 Masun’us
760 1482 957 1540 Sabinus,
993 1482 1302 1531 celeberrimus
1324 1480 1398 1528 ille
1418 1480 1587 1532 JCtus,

168 1574 214 1610 et
239 1582 335 1628 quae
357 1564 586 1630 utriusque
609 1566 836 1631 scriptoris
859 1577 1034 1614 exstant
1052 1565 1317 1627 fragmenta,
1343 1575 1438 1612 tum
1465 1561 1588 1629 quod

168 1645 226 1692 ad
250 1644 459 1693 Ovidium
489 1647 728 1695 arctissime
756 1648 1005 1713 pertinent,
1030 1659 1124 1695 tum
1149 1647 1208 1694 ob
1229 1646 1383 1711 judicii
1407 1662 1590 1693 acumen

169 1740 217 1775 et
227 1729 422 1776 criticam
442 1729 490 1776 in
510 1729 729 1777 veteribus
755 1728 978 1776 insolitam
992 1765 1004 1785 ,
1032 1741 1126 1776 tum
1139 1729 1198 1776 ob
1212 1727 1487 1794 antiquitatis
1506 1726 1599 1773 do·-

174 1810 380 1867 ctrinam,
403 1810 560 1858 merito
583 1810 846 1859 desiderium
869 1811 1031 1858 horum
1051 1811 1269 1858 librorum
1294 1810 1509 1875 injiciunt.
1532 1837 1584 1846 ·-

173 1891 314 1949 Fasti,
342 1911 456 1957 quos
489 1892 547 1940 L.
581 1893 744 1941 Cincius
776 1893 1015 1942 Alimentus
1040 1892 1322 1950 condiderat,
1355 1892 1481 1940 Fabii
1514 1892 1592 1940 Pi-

176 1974 310 2023 ctoris
333 1974 511 2040 aequalis
538 1975 658 2037 (vid.
682 1977 811 2023 Voss.
837 1975 891 2023 de
911 1975 1014 2024 hist.
1034 1975 1206 2032 latinis,
1231 1994 1276 2042 p.
1305 1975 1395 2041 25)
1417 1996 1443 2024 a
1461 1975 1590 2024 Livio

178 2076 291 2124 saepe
313 2056 538 2114 laudatus,
559 2068 602 2103 et
623 2075 791 2118 magnae
806 2056 925 2122 apud
939 2076 1039 2105 eum
1055 2057 1327 2106 auctoritatis
1350 2057 1592 2124 praesertim

177 2139 224 2186 in
242 2139 377 2186 rebus
396 2138 654 2204 antiquariis
678 2141 736 2199 («
762 2138 975 2186 maximus
996 2151 1149 2187 auctor
1167 2161 1190 2182 »
1217 2167 1269 2175 -—
1293 2150 1338 2186 et
1354 2138 1461 2187 alibi
1484 2157 1495 2186 :
1522 2138 1590 2186 di-

178 2221 320 2283 ligens
342 2221 483 2268 lulium
505 2231 891 2268 monumentorum
912 2233 1064 2269 auctor
1077 2258 1090 2279 ‚
1121 2221 1201 2269 ubi
1231 2221 1284 2269 de
1312 2240 1421 2269 more
1445 2220 1596 2268 Volsi-

177 2304 396 2354 niensium
424 2303 593 2350 solemni
616 2321 759 2350 sermo
781 2303 880 2367 est)
913 2314 1017 2368 post
1055 2303 1335 2351 Macrobium
1360 2305 1443 2367 (I,
1470 2320 1527 2350 12
1549 2314 1595 2351 et

180 2384 345 2449 alibi),
380 2397 423 2433 et
450 2386 628 2433 Festum
665 2384 784 2447 (vid.
810 2383 910 2432 lud.
934 2385 982 2432 in
1014 2385 1082 2433 ed.
1107 2386 1396 2450 Dacieriana)
1420 2405 1446 2434 a
1469 2385 1595 2452 Lydo

182 2467 418 2515 recitantur
434 2505 447 2525 ,
476 2467 556 2515 ubi
596 2466 709 2514 liber
741 2471 828 2532 περὶ
864 2474 1003 2532 ἑορτῶν
1033 2487 1126 2516 non
1161 2480 1310 2535 potest
1348 2487 1441 2516 non
1478 2467 1596 2515 idem

183 2568 292 2597 esse.
331 2549 535 2616 (Lydus,
560 2569 603 2616 p.
638 2567 700 2615 90
723 2561 767 2597 et
799 2550 941 2611 125.)
963 2549 1108 2598 Effata
1132 2550 1225 2615 ejus
1256 2550 1529 2616 antiquitatis
1551 2561 1596 2597 et

185 2629 349 2693 linguae
368 2632 562 2682 criticam
581 2632 808 2680 scientiam
826 2644 871 2680 et
888 2631 1102 2697 judicium
1123 2632 1354 2681 subactum
1375 2632 1593 2700 produnt,

187 2725 234 2765 et
251 2713 399 2766 multae
413 2751 426 2774 ‚
448 2734 558 2782 quas
580 2714 770 2765 Ovidius
791 2714 970 2763 exhibet
990 2714 1229 2767 sententias
1249 2714 1298 2764 in
1321 2733 1368 2764 re
1391 2732 1471 2764 sua
1491 2712 1595 2761 illu·-
