1826 3054
507 256 576 300 IN
619 255 861 300 OVIDII
897 253 1178 298 FASTOS.
1468 257 1549 300 511

140 349 237 416 qui,
258 345 496 397 secundum
516 343 692 393 labores
707 343 869 393 suosin
881 362 984 406 agro
1000 343 1206 400 colendo,
1231 360 1391 391 aunum
1411 344 1457 392 in
1479 345 1557 392 de-

144 444 235 474 cem
261 436 406 491 partes
428 420 640 470 dividunt.
662 420 751 486 (V
742 440 865 491 &age
888 420 939 468 de
962 419 1031 468 M
1059 420 1078 467 l
1090 418 1201 468 'abbe‘
1226 417 1398 486 Chappe
1417 437 1465 468 en
1490 421 1561 468 Si-

145 502 275 556 be'rie,
305 511 398 548 lom.
425 498 544 555 III,
565 517 611 565 p.
641 516 693 565 17
715 508 756 546 et
783 497 889 563 18.)

205 579 285 629 IV.
314 578 516 626 Fortasse
533 587 576 623 et
590 594 764 624 causam
784 574 917 640 hujus
936 574 1237 622 Romanorum
1250 572 1476 622 divisionis
1491 593 1563 623 re-

143 655 283 722 perire
296 653 410 711 licet,
429 673 525 720 quae
537 672 630 702 sese
642 653 786 720 aliqua
799 650 1111 719 probabilitate
1128 652 1413 701 commendet.
1428 652 1565 719 Apud

142 730 436 780 Athenienses
449 767 462 789 ‚
481 742 533 780 ut
553 730 748 798 populus
768 730 816 777 in
833 729 981 778 decem
998 732 1141 794 φυλὰς,
1167 740 1210 776 et
1231 740 1407 778 senatus
1424 730 1471 777 in
1493 741 1565 777 to·-

144 809 279 857 tidem
314 814 569 873 πρυτανείας;
604 809 666 858 ita
696 808 825 856 etiam
856 819 975 856 totus
1008 826 1149 855 annus
1171 807 1218 854 in
1245 807 1390 855 decem
1418 819 1565 874 partes

146 893 425 952 (πρυτανείας)
447 887 613 935 divisus
638 898 747 945 erat,
773 904 958 953 quarum
985 885 1147 951 quaevis
1171 885 1349 948 triginta
1370 885 1566 951 quinque

143 964 209 1012 vel
235 983 309 1013 sex
333 964 424 1013 dies
454 964 675 1021 habebat,
700 975 745 1012 et
766 962 814 1010 in
840 963 1003 1029 quibus
1026 963 1210 1027 singulis
1236 962 1417 1026 singulae
1441 981 1566 1011 sena-

146 1054 216 1089 tus
249 1046 450 1107 πρύτανεις
484 1040 739 1108 reipublicae
770 1052 996 1107 praeerant.
1028 1041 1108 1088 Hae
1145 1041 1244 1088 anni
1274 1052 1421 1106 partes
1443 1040 1567 1105 juxta

143 1138 315 1168 menses
339 1130 576 1168 consuetos
598 1118 784 1167 solemni
806 1117 1010 1166 divisioni
1029 1117 1353 1171 inserviebant,
1383 1129 1433 1165 ut
1456 1136 1568 1165 mer-

146 1195 271 1244 cedes
289 1197 343 1245 ad
362 1215 511 1245 earum
532 1196 732 1244 ordinem
752 1193 1038 1247 solverentur,
1050 1205 1131 1242 etc.
1148 1203 1189 1241 et
1207 1195 1313 1260 ipsae
1333 1193 1568 1260 aliquando

146 1290 225 1340 per
247 1276 435 1325 abusum
463 1286 578 1339 μῆνες
618 1286 829 1323 vocantur
851 1294 863 1323 ε
886 1273 983 1322 vide
1008 1273 1232 1322 Ammonii
1268 1272 1415 1321 locum
1451 1273 1571 1339 apud

146 1356 281 1420 Neap.
311 1355 366 1402 ad
394 1356 442 1413 Ι,
468 1372 528 1420 29
556 1374 589 1402 s.
618 1374 658 1401 v.
682 1359 900 1418 πρυτανεία.
938 1353 1035 1399 Etsi
1068 1351 1203 1413 igitur
1232 1352 1468 1418 scriptores
1492 1371 1572 1399 ro-

147 1431 264 1479 mani
284 1431 328 1479 in
346 1431 451 1479 hist.
472 1429 679 1488 Romuli,
698 1430 752 1478 de
771 1428 903 1478 simili
920 1439 1096 1476 senatus
1108 1427 1319 1476 divisione
1342 1441 1384 1477 et
1401 1428 1572 1495 imperii

145 1528 225 1575 per
239 1509 354 1558 vices
371 1508 547 1557 tenendi
562 1527 684 1557 more
701 1506 813 1556 nihil
833 1506 984 1564 edant,
1007 1503 1158 1553 Ovidii
1175 1505 1308 1554 verba
1330 1506 1443 1572 (III,
1461 1507 1571 1572 127)

143 1585 326 1635 similem
350 1586 606 1635 divisionem
628 1604 721 1633 non
745 1584 934 1633 obscure
959 1583 1179 1631 innuunt:

327 1699 415 1735 Inde
428 1712 530 1743 pares
545 1700 556 1719 ¹
575 1705 721 1734 eentum
739 1699 844 1732 denos
859 1695 1005 1732 secrevit
1024 1694 1061 1729 in
1075 1697 1168 1729 orbes

392 1759 566 1794 Romulus
583 1771 592 1794 :

154 1876 198 1913 et
220 1863 329 1931 quid
352 1865 489 1928 igitur
504 1903 516 1924 ‚
540 1865 578 1914 si
600 1865 704 1914 anni
736 1876 882 1912 totum
903 1861 1058 1911 orbem
1081 1859 1142 1910 ita
1159 1899 1170 1921 ,
1192 1873 1244 1910 ut
1264 1861 1312 1910 in
1330 1862 1574 1913 Athenien·

152 1944 275 1993 sibus
296 1943 391 1992 fieri
423 1944 646 2002 videmus,
675 1962 699 1992 a
723 1942 938 1991 Romanis
962 1941 1091 1989 etiam
1118 1951 1218 1988 ante
1244 1941 1433 1990 Numam
1451 1980 1463 2001 ‚
1498 1942 1576 2008 qui

156 2046 178 2065 «
204 2023 378 2071 omnium
389 2023 547 2090 primus
558 2039 709 2071 annum
724 2021 784 2069 ad
794 2021 905 2069 lunoe
921 2037 1059 2068 cursus
1071 2019 1112 2066 in
1130 2018 1338 2068 duodecim
1351 2039 1503 2069 menses
1512 2021 1576 2068 di-

154 2102 241 2150 νιῖςίί
253 2125 273 2143 »
291 2121 314 2150 a
326 2113 536 2167 tempore,
555 2119 644 2167 quo
665 2118 847 2166 quaeque
863 2099 1026 2147 decima
1041 2109 1217 2145 senatus
1230 2117 1332 2164 pars
1343 2097 1576 2165 imperium

153 2179 277 2227 urbis
303 2190 492 2237 teneret,
514 2177 700 2226 divisum
721 2195 814 2226 esse
838 2177 1158 2226 statueremus?
1176 2188 1220 2225 et
1236 2177 1383 2226 decem
1404 2198 1577 2229 menses

154 2277 279 2324 pares
300 2295 312 2316 ‚
339 2258 510 2306 circiter
534 2256 719 2305 totidem
744 2255 911 2304 dierum
935 2275 983 2303 ac
1002 2263 1225 2320 πρυτάνειαι
1241 2294 1252 2316 ,
1278 2257 1325 2304 in
1345 2276 1462 2306 anno
1484 2260 1580 2307 Ro-

155 2333 300 2383 muleo
332 2333 665 2400 acciperemus?
694 2331 888 2380 Nomina
909 2332 1063 2381 harum
1088 2332 1280 2399 partium
1297 2371 1309 2391 ‚
1344 2352 1420 2382 seu
1453 2352 1578 2383 men-

157 2409 270 2458 sium
289 2416 306 2434 ²
321 2448 333 2469 ,
358 2410 396 2458 si
421 2410 481 2457 ita
505 2427 576 2457 eas
601 2427 752 2457 vocare
776 2407 878 2456 licet
895 2445 907 2466 ‚
930 2427 954 2456 a
975 2427 1159 2457 numero
1182 2408 1319 2475 petita
1339 2428 1433 2458 esse
1453 2422 1581 2477 pote-

158 2499 279 2546 rant,
297 2505 319 2535 e
338 2487 501 2553 quibus
518 2488 662 2535 Numa
682 2485 878 2553 quaedam
896 2485 1025 2534 etiam
1045 2485 1093 2533 in
1106 2485 1333 2535 mensibus
1349 2485 1576 2536 lunaribus

183 2622 195 2640 ¹
209 2618 277 2654 Alii
281 2625 414 2664 patres.-
424 2619 483 2656 sed
491 2632 592 2664 pates
602 2619 677 2664 jure
688 2618 833 2664 praetuli.
899 2630 982 2652 vero
990 2630 1085 2663 aeque
1094 2617 1183 2653 bene
1195 2632 1213 2653 a
1224 2621 1341 2660 mett'n',
1353 2631 1484 2653 mensus
1491 2631 1574 2661 sum,

183 2675 198 2692 ²
214 2672 404 2706 Derivatur
414 2672 556 2717 quidem
577 2671 680 2715 vulgo
701 2683 834 2705 nomen
901 2670 1036 2705 derives
1049 2697 1058 2714 ‚
1075 2671 1122 2705 ita
1136 2678 1175 2705 ut
1187 2671 1232 2715 ii-‚
1249 2672 1308 2716 qui
1321 2671 1424 2717 primi
1434 2670 1501 2706 hoc
1510 2684 1580 2705 no-

165 2724 292 2759 mensis
301 2737 319 2758 a
327 2731 401 2769 μὴν,
412 2725 458 2759 ita
467 2732 506 2759 ut
514 2724 653 2759 nonnisi
664 2723 706 2758 de
716 2735 836 2758 mense
903 2736 986 2758 men
1000 2730 1193 2769 posuerunt
1203 2750 1212 2767 ‚
1225 2736 1297 2758 non
1310 2723 1430 2759 lunam
1440 2751 1449 2768 ‚
1460 2724 1519 2758 sed
1530 2722 1578 2757 ‹li-⁷

165 2776 277 2811 lunari
286 2776 467 2823 originitus
475 2777 606 2813 dictum
616 2777 669 2812 sit.
678 2777 836 2811 Fortasse
903 2776 1072 2811 visionem
1085 2783 1222 2813 tautum
1233 2777 1314 2812 anui
1326 2776 1548 2822 respexerint.
