1826 3054
197 192 288 249 456
722 194 1094 242 Excnnsus

194 301 367 357 reperta
383 289 544 340 docent
560 308 570 348 ;
593 309 690 358 qnae
707 289 891 350 tabulae,
912 309 1003 360 quo
1017 292 1155 359 major
1169 292 1357 342 urbibus
1370 310 1469 341 cum
1484 294 1624 343 Roma

195 373 429 424 intercedit
467 374 747 425 necessitudo
774 413 787 434 ,
833 394 885 424 eo
929 376 1116 443 propius
1155 375 1210 425 ad
1255 376 1391 427 fastos
1421 396 1626 427 romanos

192 456 420 506 accedunt.
434 457 648 507 Videmus
662 458 748 506 hoc
760 478 798 506 v.
824 478 861 507 c.
876 459 921 507 in
935 458 1239 517 Amiterninis,
1250 460 1554 518 Praenestinis,
1578 460 1623 509 in

197 538 362 605 quibus
381 558 518 607 pauca
537 539 592 588 ad
614 539 770 607 oppidi
796 539 987 606 cujusvis
1004 540 1213 608 proprios
1226 541 1340 591 ritus
1363 542 1626 609 pertinentia

195 635 435 672 occurrunt
479 628 489 648 ¹
509 661 520 682 ,
554 623 699 674 omnia
735 623 824 673 sere
858 643 958 673 cum
992 624 1073 682 iis,
1106 643 1223 691 quos
1261 626 1405 676 Roma
1440 625 1624 682 habuit,

198 706 477 755 conveniunt.

258 789 311 836 In
334 786 432 838 aliis
454 788 569 837 Latii
590 787 770 856 populis
785 827 798 848 ,
824 808 939 856 quos
958 788 1172 848 Ovidius,
1192 789 1311 839 Fast.
1333 791 1426 847 ΠΙ,
1448 789 1507 857 87
1534 810 1623 857 seq.

191 882 390 920 recenset
417 908 431 930 ,
471 871 636 939 quique
675 871 824 920 minus
862 891 888 921 a
924 866 1066 921 Roma
1095 871 1281 940 profecti
1311 884 1460 931 erant,
1490 872 1629 921 fastos

190 953 354 1003 abiisse
377 954 424 1002 in
447 953 626 1013 multis,
659 954 728 1003 vel
753 973 805 1004 ex
829 954 1002 1005 diverso
1034 954 1191 1004 ordine
1219 955 1438 1004 mensium
1466 954 1628 1003 intelli·

191 1035 314 1100 gitur
343 1036 533 1101 (confer
563 1037 791 1087 Censorin.
819 1038 866 1099 Ι,
906 1039 1020 1100 20).
1056 1036 1242 1087 Colonis
1273 1049 1427 1087 contra
1458 1037 1503 1085 in
1535 1037 1629 1104 ipsa

193 1118 468 1168 coloniarum
494 1119 758 1169 deductione
776 1157 790 1177 ,
820 1132 872 1169 ut
895 1139 1015 1170 sacra
1040 1120 1094 1170 iis
1120 1140 1219 1170 cum
1242 1120 1353 1170 urbe
1381 1118 1630 1169 communia

194 1213 340 1250 essent
354 1240 367 1261 ,
390 1201 532 1251 fastos
552 1201 749 1251 urbanos
770 1201 958 1251 traditos
974 1221 1091 1260 esse,
1114 1202 1356 1270 probatum
1379 1202 1415 1251 it
1436 1214 1630 1251 veterum

192 1284 409 1334 fastorum
432 1284 650 1352 interpres
674 1285 793 1352 apud
817 1285 1089 1350 Fogginium
1115 1288 1136 1348 (
1157 1286 1205 1334 in
1230 1285 1347 1334 libro
1379 1283 1600 1334 laudando
1618 1321 1630 1341 ,

193 1386 296 1435 pag.
326 1367 450 1431 103)
476 1368 555 1437 qui
578 1367 852 1417 coloniarum
874 1368 1053 1418 nomina
1074 1379 1179 1417 tunc
1204 1369 1250 1416 in
1274 1368 1399 1417 fastis
1421 1379 1632 1416 annotata

194 1451 372 1519 reperit.

262 1534 468 1593 Accedit,
484 1546 538 1584 ut
552 1534 606 1584 de
622 1554 747 1585 more
764 1553 835 1584 res
852 1546 1098 1587 memoratu
1115 1533 1274 1597 dignas
1293 1533 1338 1582 in
1354 1532 1479 1582 fastis
1495 1531 1633 1581 sacris

196 1617 255 1666 ad-
277 1636 353 1667 eos
367 1655 380 1676 ,
402 1617 569 1685 quibus
591 1629 725 1681 gestae
746 1627 877 1675 sunt,
902 1616 999 1667 dies
1015 1615 1322 1673 adscribendi,
1350 1614 1548 1682 quadam
1567 1613 1635 1662 di-

195 1719 369 1760 camus,
394 1720 533 1768 quum
551 1701 599 1749 in
615 1701 699 1751 hac
713 1720 787 1758 re,
813 1719 911 1768 qnae
926 1700 1058 1750 etiam
1083 1700 1128 1748 in
1150 1699 1273 1749 fastis
1290 1697 1520 1747 historicis
1539 1697 1635 1745 fieri

195 1783 391 1843 solebat,
416 1784 612 1834 dubitari
626 1784 793 1852 possit,
807 1783 868 1833 -ad
887 1795 1038 1833 utrum
1058 1801 1199 1846 genus
1213 1781 1375 1849 aliquis
1389 1779 1517 1829 locus
1534 1799 1636 1847 per-

198 1867 348 1915 tineat.
372 1868 427 1915 In
450 1865 576 1916 fastis
598 1866 734 1916 sacris
758 1866 845 1915 hoc
869 1878 1039 1916 mature
1060 1865 1149 1931 jam
1173 1864 1338 1913 sactum
1364 1881 1458 1913 esse
1483 1862 1636 1911 Ovidii

196 1950 293 2000 loca
310 1950 507 2019 probant
523 1951 614 2008 Vl,
640 1948 728 2011 461
748 1986 761 2006 ,
788 1948 909 2011 465,
936 1948 1057 2005 563,
1087 1966 1204 2015 721,
1231 1946 1347 2014 765,
1372 1945 1488 2013 769«,
1515 1963 1633 2012 7703

197 2033 276 2083 ubi
301 2051 371 2082 res
396 2030 568 2100 populo
592 2050 775 2080 romano
800 2030 868 2080 vel
893 2029 1001 2079 laetoe
1023 2029 1089 2079 vel
1117 2029 1291 2088 tristes,
1324 2040 1419 2077 tum
1442 2026 1636 2075 victoriae

198 2127 244 2165 et
267 2134 341 2165 res
360 2114 567 2183 praeclare
595 2125 729 2178 gestae
748 2150 760 2171 ,
791 2125 887 2162 tum
914 2111 1061 2162 clades
1076 2149 1088 2170 ,
1116 2110 1283 2178 quibus
1305 2111 1452 2159 Roma
1475 2108 1633 2158 afflicta

198 2210 289 2256 est,
315 2198 363 2247 in
384 2197 538 2255 fastis,
572 2195 740 2264 quibus
762 2194 955 2245 Ovidius
979 2213 1088 2244 usus
1113 2205 1180 2243 est
1197 2231 1210 2250 ,
1244 2192 1475 2259 adscriptae
1498 2189 1634 2239 fuisse

198 2281 418 2330 videntur.
443 2280 694 2330 Victoria-v.
712 2298 749 2327 c.
766 2279 969 2327 Postumi
985 2277 1040 2326 de
1055 2276 1215 2344 AEquis
1235 2287 1278 2325 et
1292 2273 1465 2325 Volscis
1481 2277 1503 2337 (
1514 2275 1630 2322 Fast.

198 2365 262 2413 vt
279 2401 292 2423 ,
323 2366 450 2431 721)
476 2382 610 2432 quam
634 2362 689 2412 ad
711 2363 753 2411 d.
788 2379 841 2429 17
865 2362 975 2410 Jun,
999 2360 1060 2409 ita
1084 2358 1224 2409 canit:

196 2518 250 2549 est
269 2511 372 2548 hodie
394 2538 405 2557 ,
429 2511 529 2547 Jovis
552 2510 696 2558 epulum
717 2523 793 2546 cras
804 2509 884 2554 fiet,
951 2521 1082 2545 norum
1095 2508 1260 2555 religione
1269 2506 1402 2541 Fenn-
1412 2505 1636 2548 Fortunens—

198 2564 471 2601 Lertisternium
499 2562 642 2600 Cereris
669 2562 736 2599 erit
764 2561 885 2599 Idibus
950 2565 1117 2608 neta-mh,
1131 2561 1216 2596 Dea
1230 2559 1530 2595 Pronestinorum
1542 2563 1637 2592 tute-

196 2617 372 2665 proximis.
949 2613 1030 2649 laris
1044 2640 1053 2656 ‚
1071 2609 1320 2649 celebr-ndum
1338 2622 1411 2645 esse
1423 2636 1433 2652 ,
1454 2607 1635 2644 oraculum

243 2670 253 2691 ¹
280 2667 363 2704 Vid.
384 2668 475 2703 Fau.
493 2667 608 2703 Pron.
627 2667 670 2702 ad
683 2666 716 2703 «1.
733 2679 782 2702 n.
795 2666 882 2713 Apr.
948 2673 1067 2713 patere
1080 2672 1145 2703 etc·
1156 2670 1355 2702 sanemur.
1368 2661 1477 2699 Cous.
1491 2660 1637 2708 foggin.

195 2722 255 2759 ubi
278 2736 296 2759 e
314 2720 425 2770 patria
448 2728 483 2758 et
501 2719 667 2768 peculiari
690 2718 884 2757 Pronati-
947 2732 1023 2767 pag.
1041 2719 1094 2763 48.
