1826 3054
596 264 1004 309 FASTORUM
1040 266 1172 311 LIB.
1216 269 1254 311 1.
1582 271 1638 313 53

281 354 404 403 Talia
425 374 518 403 non
542 358 676 406 tacito
704 358 821 407 dicta
848 359 1003 409 dolore
1030 360 1177 409 dedit:

218 433 344 481 Rode
359 470 371 490 ‚
396 436 549 500 caper,
574 436 713 484 vitem
733 456 743 484 ε
769 449 913 485 tamen
937 438 1040 486 hinc
1066 458 1203 505 quum
1227 439 1367 488 stabis
1388 440 1443 488 ad
1467 459 1608 496 aram,

282 513 335 559 In
359 523 432 560 tua
457 513 579 579 quod
605 515 755 580 spargi
777 535 943 564 cornua
967 517 1138 583 possit,
1166 517 1261 565 erit.

218 588 365 637 Verba
388 589 497 638 fides
520 592 721 658 sequitur
742 612 752 640 :
776 612 903 641 noxae
923 593 1006 641 tibi
1031 594 1207 643 deditus
1228 596 1374 646 hostis

284 665 519 732 Spargitur
541 668 685 718 affuso
710 688 875 718 cornua
891 708 902 728 ‚
928 672 1124 729 Bacche,
1148 693 1284 722 mero.

1579 689 1645 723 360

220 741 363 809 Culpa
386 745 455 792 sui
478 746 630 794 nocuit
653 767 664 794 ε
686 748 843 795 nocuit
866 767 1044 815 quoque
1070 749 1199 816 culpa
1220 751 1410 818 capellae.

283 822 407 885 Quid
430 823 542 881 bos,
568 824 676 890 quid
699 824 883 891 placidae
903 828 1224 877 commeruistis
1247 831 1386 878 oves?

216 896 373 946 Flebat
393 900 607 948 Aristaeus
622 938 634 958 ‚
659 902 782 967 quod
803 921 907 968 apes
931 921 1030 951 cum
1054 905 1191 972 stirpe
1210 918 1383 955 necatas

279 976 462 1025 Viderat
480 979 700 1045 incoeptos
721 979 972 1029 destituisse
995 983 1129 1032 favos.

219 1054 387 1103 Caerula
407 1075 543 1122 ⁴quem
569 1057 757 1119 genitrix
783 1077 894 1121 aegre
917 1059 1054 1107 solata
1078 1060 1325 1119 dolentem,

278 1131 467 1179 Addidit
488 1132 580 1181 haec
606 1133 736 1182 dictis
757 1133 913 1184 ultima
933 1137 1064 1185 verba
1087 1138 1180 1186 suis
1204 1159 1215 1186 :

217 1208 334 1257 Siste
350 1246 362 1267 ‚
386 1229 522 1276 puer,
547 1210 757 1278 lacrymas
777 1233 788 1261 ε
815 1213 1005 1262 Proteus
1029 1226 1106 1263 tua
1129 1215 1287 1264 damna
1309 1215 1499 1275 levabit3

216 1323 354 1356 danlae.
368 1340 413 1348 —
423 1324 574 1358 Premere
584 1350 593 1365 ,
614 1325 815 1371 imprimere
828 1352 838 1370 ,
856 1333 896 1361 ut

211 1388 366 1418 pressum
396 1384 554 1411 aratrum.
585 1378 725 1413 Tibullo
753 1379 807 1413 IV
818 1405 829 1423 ,
856 1390 871 1413 1
883 1406 893 1423 ,

222 1427 344 1460 161.--
354 1429 431 1463 Non
445 1432 550 1463 tacito
563 1431 689 1470 dolore,
713 1443 785 1465 non
801 1431 895 1465 reti—

216 1491 304 1513 nens
320 1479 487 1516 dolorem.
504 1481 622 1516 Verba
643 1484 741 1516 Rode
751 1510 759 1517 .
772 1509 781 1516 .
793 1510 801 1517 .
812 1508 820 1515 .
833 1485 901 1517 erit

217 1537 343 1565 notant
358 1544 400 1566 ex
414 1532 526 1567 Eveni
543 1533 662 1579 Epigr.
674 1546 830 1579 expressa
841 1547 897 1568 es-

216 1597 252 1619 se
266 1597 275 1619 2
290 1590 357 1626 Κὶν
374 1603 413 1630 με
431 1587 528 1635 φάγῃς
551 1589 599 1622 ἰπὶ
618 1590 724 1637 ῥίζαν,
750 1589 830 1631 ἕμως
851 1591 896 1623 ’ἔτι

217 1641 443 1687 καρκοᾳορήσω,
452 1633 554 1675 ὄσσα-ι
567 1641 740 1674 ἐπισπεῖσαι
749 1655 796 1674 σοι
806 1640 895 1688 τράγε

217 1691 365 1736 θυομένῳ.
378 1708 422 1715 -
431 1692 533 1725 llinc.
543 1691 711 1725 Heinsius
724 1691 791 1736 legi
803 1691 895 1725 vole·

215 1740 275 1775 bat
289 1743 369 1775 huic
379 1769 388 1782 ‚
405 1742 475 1777 scil.
489 1742 561 1776 viti.
581 1742 653 1777 Sed
669 1743 897 1777 Burmannus

215 1793 288 1836 iam
297 1794 616 1837 monuit,eumdem
624 1807 778 1838 sensum,
788 1803 824 1830 et
831 1795 897 1829 ele·

217 1846 412 1889 gantiorem
430 1848 535 1882 etiam
552 1860 735 1893 exsurgere
751 1861 792 1882 ex
807 1849 896 1882 hinc.

217 1897 402 1942 -Sparg1‘‚
424 1898 524 1933 fundi
537 1898 713 1934 libatione.
725 1918 770 1926 —
789 1901 898 1933 Verba

206 1951 300 1992 fides
309 1954 464 1995 sequitur,
479 1951 520 1985 fit
529 1977 540 1994 ,
557 1951 649 1996 quod
662 1951 718 1986 ille
733 1951 897 1997 praedixe-

219 2008 281 2036 rat.
299 2002 416 2036 Etiam
432 2003 489 2038 111
501 2003 649 2038 Metam.
665 2008 727 2048 527
739 2030 749 2047 ,
765 2018 784 2034 α
795 2004 898 2039 Dicta

222 2069 240 2084 x»
257 2054 344 2089 fides
366 2055 547 2100 sequitur,
567 2069 585 2085 ¹·
608 2062 644 2090 et
662 2056 755 2091 VIII
773 2082 783 2100 ,
809 2070 869 2101 7¹¹
884 2082 896 2101 ‚

221 2121 239 2136 «
259 2107 354 2141 Vota
370 2107 456 2142 fides
466 2108 633 2153 sequitur.
645 2121 716 2137 ³³-—
724 2110 830 2143 Noxae
839 2110 899 2143 de·-

220 2161 311 2194 dz'lus
326 2187 335 2201 ‚
360 2172 379 2193 e
404 2158 555 2195 formula
574 2159 733 2195 solemni.
754 2160 899 2195 Festus:

222 2226 239 2240 «
260 2212 386 2257 Quum
411 2211 465 2246 lex
491 2212 588 2255 jubet
618 2224 717 2246 noxae
743 2212 872 2247 dedere
888 2239 900 2256 ,

222 2278 240 2293 »
258 2277 322 2309 pro
350 2271 490 2309 peccato
517 2264 598 2298 dedi
622 2265 730 2309 jubet.
749 2279 767 2294 »ν
783 2284 827 2291 -
843 2264 900 2300 De

222 2318 320 2360 culpa
341 2323 460 2350 autem
483 2315 548 2352 hac
567 2317 660 2362 capri
676 2316 765 2351 cons.
782 2318 902 2351 Varro

222 2367 266 2402 de
282 2368 335 2402 Re
354 2368 453 2403 Rust.
468 2368 485 2402 l
497 2392 507 2411 ‚
525 2378 576 2412 11,
599 2369 694 2409 18s.;
713 2368 878 2414 Virgilius
890 2395 901 2413 ,

223 2418 352 2465 Georg.
366 2420 401 2455 11
413 2446 423 2463 ,
442 2421 507 2466 375
522 2432 648 2465 sqq.-
659 2422 754 2465 Quid
764 2423 825 2455 bos
837 2428 902 2457 etc.

225 2471 360 2506 Eadem
374 2471 447 2506 sere
463 2472 569 2506 verba
578 2472 650 2506 XV
668 2473 816 2507 Metam.
831 2473 866 2507 d.
880 2473 902 2507 l.

268 2523 433 2568 363-384.
455 2522 607 2559 Causam
630 2523 778 2568 reddere
804 2525 900 2568 vult,

225 2588 287 2610 cur
293 2575 356 2611 bos
363 2589 502 2622 quoque
510 2585 545 2612 et
554 2577 626 2611 ovis
634 2577 776 2612 mactari
783 2585 905 2623 coeptae

226 2627 304 2662 sint.
317 2627 387 2664 sed
399 2641 476 2673 (με
486 2628 530 2664 de
539 2630 687 2665 Aris-teo
698 2629 831 2665 addidit
841 2657 852 2674 ,
863 2643 904 2665 ea

227 2679 385 2714 arcessita
395 2687 478 2715 sunt
489 2688 525 2716 et
538 2682 679 2717 inducta
692 2696 701 2723 ς
718 2695 789 2717 non
807 2683 904 2717 enim

228 2739 424 2767 monstrant
438 2759 449 2776 ‚
471 2747 534 2769 cur
549 2735 628 2769 Diis
645 2734 814 2770 offeratur
830 2736 904 2772 bos.

227 2781 347 2818 Latius
360 2789 477 2819 autem
493 2784 550 2820 illa
560 2785 684 2831 virgil.
695 2785 824 2834 Georg.
836 2787 903 2831 lv,

961 1328 1141 1372 ,δι-558»,
1159 1336 1360 1375 persecutus
1374 1336 1435 1364 est.
1453 1330 1640 1371 Aristeus,

960 1379 1004 1414 de
1014 1393 1085 1425 quo
1095 1381 1275 1416 Diodorus
1283 1382 1437 1425 Siculus,
1454 1383 1525 1426 IV,
1540 1384 1578 1418 81
1592 1396 1618 1417 s.
1630 1397 1640 1424 ς

960 1432 1090 1467 Justin.
1102 1433 1214 1477 xm,
1225 1445 1280 1468 vu
1290 1460 1299 1476 ,
1319 1447 1358 1468 10
1372 1448 1380 1475 ;
1392 1433 1507 1469 schol.
1520 1434 1643 1470 Theo-

960 1484 1036 1519 criti
1048 1512 1058 1528 ,
1078 1486 1125 1528 V,
1145 1487 1185 1520 53
1199 1500 1207 1524 ;
1226 1485 1396 1532 Apollinis
1410 1486 1501 1521 filius
1517 1493 1553 1521 et
1567 1485 1644 1534 Cy-

960 1550 1066 1572 renes
1084 1538 1259 1584 Nyrnphae
1282 1538 1418 1574 habitus
1431 1565 1441 1582 ,
1464 1538 1643 1573 latissimas

960 1590 1190 1635 possessiones
1206 1592 1242 1625 in
1259 1591 1406 1626 Arcadia
1424 1591 1563 1634 habuit,
1575 1592 1643 1625 ibi-

962 1655 1029 1686 que
1047 1655 1152 1688 apum
1167 1650 1204 1677 et
1217 1643 1346 1685 mellis,
1365 1644 1470 1678 etiam
1486 1643 1582 1678 lactis
1599 1643 1642 1677 ad

960 1695 1103 1740 coagula
1123 1708 1227 1730 usum
1244 1695 1445 1730 hominibus
1461 1695 1642 1729 tradidisse

961 1755 1134 1782 narratur.
1155 1749 1187 1782 A
1206 1747 1356 1792 Virgilio
1370 1748 1544 1782 Arcadius
1561 1761 1645 1781 ma—

957 1802 1063 1843 gister
1072 1806 1224 1834 vocatur.
1241 1800 1327 1834 Post
1341 1806 1496 1834 mortem
1509 1799 1546 1838 in
1559 1797 1644 1844 Cy-

960 1851 1113 1886 cladibus
1136 1852 1233 1886 Jovis
1254 1851 1392 1886 Aristaei
1417 1859 1453 1886 et
1474 1851 1643 1897 Apollinis

961 1905 1082 1939 Nomii
1098 1905 1298 1939 nominibus
1307 1904 1420 1940 cultus
1434 1905 1642 1940 suit—Stir-

954 1961 1010 1994 με.
1025 1950 1252 1984 Burmannus
1269 1949 1461 1994 elegantius
1479 1956 1516 1983 et
1527 1950 1642 1984 verius

962 2010 1061 2048 putat
1074 2027 1084 2044 ,
1103 2003 1198 2046 quod
1216 2001 1376 2038 Francos.
1400 2001 1522 2046 habet,
1533 2005 1643 2047 prole.

961 2055 1061 2101 Virg.
1078 2068 1166 2090 vers.
1183 2055 1244 2089 281
1261 2068 1287 2090 s.
1307 2061 1499 2100 utrumque
1513 2052 1619 2089 habet
1631 2067 1641 2087 t

963 2122 981 2138 ε(
999 2108 1038 2143 Si
1064 2121 1172 2154 quem
1196 2108 1311 2154 proles
1335 2108 1450 2143 subito
1476 2107 1644 2142 defecerit

964 2175 983 2192 ›-
998 2161 1222 2204 omnis,Nec‚
1234 2159 1444 2207 genusunde
1458 2160 1644 2194 novaestir-
1695 2191 1703 2193 ,

964 2227 984 2244 »
1000 2212 1052 2258 pis
1061 2219 1246 2248 revocetur
1256 2238 1266 2255 ‚
1282 2211 1433 2247 habebit.
1443 2226 1461 2241 »
1475 2213 1645 2246 -Desli-

963 2268 1068 2299 tuisse
1078 2291 1087 2305 ,
1107 2276 1183 2298 non
1197 2263 1440 2310 perfecisse—⁴
1449 2265 1647 2307 Caemlage-

963 2318 1080 2349 aftrix.
1094 2316 1232 2361 Nempe
1249 2315 1393 2363 Cyrene
1413 2327 1485 2349 una
1505 2321 1582 2349 erat
1604 2326 1646 2348 ex

964 2367 1139 2415 Nymphis
1149 2369 1277 2412 Penei,
1291 2375 1392 2403 antra
1404 2368 1442 2402 in
1451 2367 1564 2402 fundo
1577 2366 1645 2401 flu-

964 2421 1070 2455 minis
1084 2420 1157 2465 jam
1166 2421 1239 2464 jam
1248 2420 1336 2454 mari
1347 2433 1384 2454 se
1394 2419 1645 2454 committentis

965 2471 1141 2513 incolens;
1160 2471 1260 2517 Virg.
1276 2471 1405 2516 Georg.
1417 2470 1485 2514 lv,
1500 2471 1561 2505 321
1575 2484 1585 2512 ;
1597 2470 1647 2504 ibi

966 2525 1134 2560 Aristaeus
1157 2524 1238 2558 satis
1262 2523 1433 2569 graviter,
1452 2537 1471 2553 α
1491 2521 1606 2566 dolet,
1626 2537 1645 2552 n

966 2579 1111 2624 ejusque
1130 2575 1281 2621 querelae
1298 2590 1316 2606 κ
1333 2575 1437 2610 fletus
1447 2601 1458 2619 ‚
1473 2574 1647 2621 gemitus,

967 2646 987 2663 ›·
1002 2632 1117 2667 luctus
1128 2645 1146 2660 ›-
1162 2636 1340 2665 vocantur.

1010 2683 1086 2727 367.
1098 2683 1242 2716 Levabit
1248 2684 1389 2722 damna,
1401 2679 1575 2722 ostendet,
1584 2691 1648 2713 un-

967 2734 1012 2769 de
1025 2734 1232 2770 resarciatur
1241 2733 1413 2768 damnum
1425 2759 1435 2776 ,
1447 2745 1503 2766 res
1515 2730 1648 2765 amissa.

966 2789 1152 2823 -Proeeus
1168 2793 1285 2822 autem
1299 2792 1394 2821 vates
1403 2784 1522 2819 omnia
1538 2794 1653 2818 nove·-
