1826 3054
537 237 954 286 FASTORUM
989 241 1123 284 LIB.
1162 242 1202 285 1.
1528 240 1583 301 73

229 333 288 382 Et
312 346 414 383 tuus
436 333 643 396 Augusto
662 332 842 382 nomine
867 332 1012 383 dictus
1034 351 1152 382 avus.

1520 344 1586 391 59⁰

166 410 343 473 Perlege
365 410 602 476 dispositas
623 428 833 472 generosa
853 428 934 476 per
955 409 1066 457 atria
1087 427 1207 457 ceras
1227 426 1238 467 ;

235 487 532 550 Contigerunt
549 486 663 535 nulli
683 487 865 535 nomina
883 498 1006 535 tanta
1023 481 1133 534 viro.

169 563 317 612 Africa
334 564 543 612 victorem
566 562 620 612 de
642 582 689 612 se
711 575 838 613 vocat
856 584 866 612 :
889 562 999 612 alter
1020 564 1194 612 Isauras
1207 599 1219 620 ‚

232 643 327 690 Aut
349 642 530 690 Cretum
551 640 739 690 domitas
762 641 1022 690 testificatur
1041 660 1163 708 opes.

169 720 301 767 Hunc
323 719 524 768 Numida!
544 718 712 768 faciunt
726 757 739 777 ‚
762 719 891 768 illum
909 720 1116 768 Messana
1136 717 1378 784 superbum
1399 736 1408 765 :
1526 730 1591 778 595

232 795 313 844 llle
335 796 607 851 Numantina
630 796 763 844 traxit
783 796 840 845 ab
862 796 973 845 urbe
995 808 1161 844 notam.

170 876 230 923 Et
250 886 437 923 mortem
461 886 505 923 et
524 893 688 923 nomen
709 875 859 922 Druso
887 874 1122 923 Germania
1141 873 1257 922 secit.

233 951 311 999 Me
333 952 542 1001 miserum
560 954 571 1000 Ε
595 951 735 1000 virtus
756 970 889 1019 quam
910 951 1057 1001 brevis
1083 949 1157 1000 illa
1180 949 1285 999 suit!

171 1078 308 1121 perium
319 1104 328 1121 ‚
348 1078 498 1113 Senatus
507 1104 518 1122 ‚
532 1085 672 1114 auctore
684 1079 848 1114 Munatio

173 1129 304 1164 Planco
326 1155 335 1172 ,
364 1130 396 1163 ei
413 1131 707 1174 Augustinorum
724 1130 848 1173 dedit;

174 1181 319 1216 sueton.
332 1181 421 1226 Aug.
435 1196 452 1227 7
466 1196 475 1224 ;
487 1181 558 1216 Dio
571 1181 666 1217 Cass.
676 1183 763 1219 LIII
772 1209 782 1227 ,
796 1184 849 1228 16,

172 1233 288 1278 ibique
299 1234 452 1268 Reimar.
465 1241 541 1268 tum
548 1234 698 1280 Foggius
711 1235 753 1269 ad
762 1236 850 1271 Ver-

171 1286 278 1320 rium.
290 1286 347 1321 De
362 1286 419 1321 die
431 1294 568 1331 autem,
586 1301 658 1333 quo
668 1288 703 1322 id
716 1302 848 1324 nomen

172 1338 206 1372 ei
229 1338 404 1381 oblatum,
427 1338 635 1374 dissentiunt
655 1342 848 1385 scriptores.

175 1389 258 1424 Vid.
275 1390 408 1434 Lipsius
434 1390 477 1424 ad
499 1390 609 1426 Tacit.
631 1391 727 1425 Ann.
750 1392 768 1427 I
781 1418 791 1435 ‚
817 1406 850 1440 9.

175 1440 291 1475 Etiam
304 1440 464 1484 Orosius,
479 1442 535 1477 lib.
548 1443 570 1476 8
580 1468 590 1485 ,
601 1445 684 1477 Idas
695 1449 734 1477 ut
744 1442 851 1478 ovid.

172 1492 208 1527 h.
220 1493 241 1527 l.
257 1494 428 1528 nominat.
447 1493 518 1528 sed
536 1494 639 1540 paulo
658 1502 739 1529 ante
755 1508 851 1530 one-

171 1558 266 1580 rosas
275 1549 470 1589 pmvmcias
483 1545 555 1591 ipse
572 1547 722 1592 suscepit
737 1546 853 1581 admi-

174 1595 368 1631 nistrandas
379 1623 389 1641 ,
408 1604 543 1642 pacata
552 1600 679 1641 populo
690 1598 851 1633 restituit.

172 1649 266 1684 Vide
283 1650 424 1685 Ernesti
437 1651 518 1685 Exc.
533 1650 555 1685 6
565 1677 576 1694 ,
592 1650 635 1685 ad
650 1650 748 1685 Suet.
760 1652 852 1697 Aug.

215 1702 383 1748 591-616.
399 1701 456 1737 De
475 1702 509 1736 vi
526 1702 683 1738 nominis
702 1703 857 1747 Augusti

171 1765 235 1798 per
244 1754 555 1799 comparationem.
566 1755 685 1799 Atque
698 1755 745 1789 ita
758 1761 854 1789 cata-

171 1805 293 1852 logum
303 1807 428 1841 struxit
436 1807 595 1842 virorum
605 1807 852 1842 Romanorum

171 1860 437 1904 cognominibus
453 1860 654 1906 insignium.
674 1879 719 1886 —
739 1862 845 1901 Cere,

170 1909 341 1955 imagines
351 1923 462 1945 cerea
472 1911 630 1946 virorum
642 1911 831 1947 illustrium
840 1938 851 1955 ,

175 1974 253 2006 quae
258 1975 322 2005 pet
330 1966 421 1997 atria
433 1966 602 2008 disposite
616 1965 792 2010 habebant
806 1965 853 2000 ti-

174 2012 266 2048 tulos
278 2013 349 2048 sive
365 2014 607 2061 inscriptiones
625 2029 747 2051 rerum
768 2030 853 2063 ges-

173 2072 290 2100 tarum
306 2093 316 2110 ‚
333 2066 580 2113 bonorumque
593 2069 854 2104 attributorum.

176 2117 265 2152 Inde
287 2118 392 2163 igitur
407 2126 444 2154 et
459 2119 671 2165 cognomina
684 2122 853 2166 cujusque

174 2171 482 2215 cognoscebantur.
490 2190 533 2197 —
545 2174 719 2207 Generosa
726 2199 736 2212 ‚
751 2171 855 2207 sami-

169 2221 300 2263 ¹liar-um
316 2223 498 2258 nobilium.
519 2223 664 2269 Neapol.
681 2237 722 2258 ex
736 2224 854 2259 codice

167 2282 311 2314 ⁴vetusto
320 2290 451 2311 annosa
462 2278 598 2312 notavit
607 2304 617 2321 ,
634 2277 728 2323 quod
737 2284 775 2312 et
784 2277 856 2312 duo

178 2326 235 2362 alii
262 2328 475 2364 ministrant.
501 2329 633 2364 Glossae
658 2329 827 2374 Rumphii
844 2356 854 2373 ,

175 2391 319 2414 onerosa
328 2406 339 2421 ‚
362 2381 458 2426 quod
479 2381 605 2417 Heins-
627 2394 669 2416 ex
692 2393 830 2425 operosa
839 2408 850 2422 ,

155 2463 158 2466 Α
175 2429 214 2464 id
228 2437 280 2465 est
294 2431 474 2468 artificiose
490 2440 620 2469 structa
631 2460 642 2477 ‚
658 2440 779 2468 ortum
792 2446 857 2479 pu-

178 2480 283 2515 tabat-
308 2482 366 2518 De
391 2485 656 2529 cognominibus
684 2485 855 2520 nobilium

179 2531 425 2569 Romanorum
442 2560 453 2578 ‚
481 2537 587 2571 etiam
609 2550 735 2572 eorum
757 2563 768 2581 ,
796 2537 856 2583 qui

181 2584 253 2628 jam
267 2594 512 2622 memorantur
522 2615 533 2632 ,
552 2588 630 2624 vide
646 2589 806 2625 Perizon.
818 2590 856 2623 in

182 2635 303 2670 Anim.
318 2635 396 2673 hist.
410 2651 445 2684 p.
460 2641 500 2683 4¹
515 2646 552 2674 et
566 2653 642 2686 ²7²·
655 2659 701 2666 —
716 2642 757 2676 P.
770 2641 858 2676 Ser-

184 2687 303 2731 vilius,
321 2689 460 2726 devictis
480 2692 620 2738 piratis,
650 2695 850 2739 Isaamque,

184 2739 255 2785 ipsa
273 2739 402 2778 cilicie
416 2755 493 2780 arce
508 2770 519 2788 ,
543 2757 661 2781 eversa
676 2771 685 2789 ,
712 2747 862 2782 Isaurici

914 1092 1111 1126 cognomen
1133 1078 1325 1119 adamavit3
1342 1077 1468 1112 Florus
1477 1081 1493 1120 ‘,
1514 1077 1591 1121 111,

914 1145 955 1168 vz
966 1160 978 1177 ,
994 1136 1025 1169 5.
1039 1134 1088 1178 Q
1096 1132 1255 1168 Caecilius
1265 1131 1431 1167 Metellus
1442 1133 1571 1166 Cretum
1582 1159 1591 1171 ,

916 1187 976 1232 qui
998 1185 1197 1221 Mithridati
1218 1185 1338 1220 favisse
1359 1184 1569 1218 videbantur
1582 1210 1592 1226 ,

912 1251 992 1281 opes
999 1240 1143 1277 domuit,
1160 1244 1268 1271 totam
1281 1235 1429 1271 insulam
1440 1235 1512 1280 igni
1522 1234 1595 1269 ser-

913 1301 1024 1334 roqne
1045 1288 1228 1333 populatus
1244 1294 1316 1330 esi,
1342 1286 1424 1335 inde
1444 1287 1594 1320 Creticus

914 1339 1044 1379 dictus;
1056 1340 1180 1374 Florus
1189 1365 1199 1382 ,
1214 1339 1269 1374 111
1279 1365 1289 1382 ,
1301 1339 1342 1380 6;
1354 1338 1425 1373 Dio
1436 1364 1446 1381 ,
1457 1337 1515 1372 lib.
1525 1338 1568 1372 36
1581 1364 1591 1379 ,

915 1390 991 1425 init.
1016 1391 1048 1425 A
1068 1389 1245 1436 Jugurtha
1268 1389 1406 1424 devicto
1424 1389 1600 1423 Numidici

914 1453 1111 1487 cognomen
1130 1441 1178 1487 Q.
1199 1440 1338 1476 Caecilio
1358 1439 1527 1483 Metello,
1553 1439 1594 1473 L.

918 1493 1017 1529 Calvi
1034 1494 1106 1529 filio
1118 1495 1289 1530 tributum
1300 1510 1309 1537 ;
1323 1494 1447 1530 Vellei.
1459 1495 1515 1537 11,
1531 1505 1570 1527 11
1580 1519 1594 1535 ‚

916 1562 946 1582 2.
963 1566 1007 1575 -—
1021 1550 1215 1584 Messanici
1231 1561 1430 1594 cognomen
1457 1546 1595 1581 nemini

916 1599 1039 1635 datum
1052 1615 1061 1641 ;
1077 1600 1139 1636 sed
1152 1600 1322 1636 Claudius
1333 1599 1478 1635 Caudex
1487 1625 1499 1642 ,
1513 1599 1597 1635 Ma-

916 1653 1077 1687 mertinis
1092 1653 1217 1687 auxilio
1231 1653 1373 1695 missus,
1394 1652 1520 1686 urbem
1530 1650 1598 1684 ob-

914 1703 1050 1738 sidione
1071 1704 1239 1738 liberavit.
1258 1703 1382 1751 Polyb.
1401 1703 1418 1738 1
1431 1729 1443 1746 ,
1463 1716 1492 1737 1.
1512 1701 1595 1736 Ne·-

918 1769 986 1800 que
999 1756 1128 1791 Noster
1138 1755 1182 1791 de
1195 1756 1406 1802 cognomine
1417 1754 1594 1800 loquitur;

917 1815 1055 1842 tantum
1068 1807 1150 1842 dicit
1164 1810 1355 1851 supet-bun.
1368 1806 1461 1852 quod
1471 1806 1597 1841 crebro

918 1860 1010 1905 apud
1026 1867 1145 1906 poetas
1156 1859 1200 1894 de
1218 1859 1404 1895 victoribus
1415 1858 1597 1904 legitur.—

917 1915 1028 1953 Nola,
1044 1913 1079 1947 id
1090 1940 1099 1956 ,
1118 1926 1189 1958 quo
1200 1913 1276 1959 quis
1287 1913 1335 1947 ita
1345 1912 1544 1959 insignitur,
1556 1918 1597 1946 ut

917 1965 1069 2000 discerni
1080 1965 1123 2000 ab
1138 1965 1210 2000 aliis
1220 1965 1335 2010 possit.
1349 1965 1455 1999 Nunc
1464 1976 1597 2010 cogno-

917 2030 1001 2053 men
1012 2044 1022 2062 ,
1040 2017 1133 2063 quod
1151 2017 1307 2063 Scipioni
1320 2016 1512 2054 AEmiliano
1525 2016 1597 2050 im-

918 2071 1082 2117 positum.
1103 2071 1159 2106 De
1175 2070 1325 2105 formula
1343 2071 1472 2105 trabm
1484 2075 1598 2104 notam

917 2122 987 2157 vid.
998 2122 1115 2158 Bentl.
1126 2122 1169 2157 ad
1182 2123 1308 2158 Horat.
1323 2122 1390 2166 lv,
1403 2121 1474 2157 Od.
1484 2132 1515 2155 11
1526 2123 1598 2168 ,59.

918 2195 963 2202 —
976 2178 1129 2217 Drusus,
1154 2176 1261 2211 Liviae
1277 2189 1318 2211 ex
1334 2176 1451 2221 priore
1470 2174 1597 2209 marito

920 2228 1064 2272 Tiberio
1077 2229 1220 2264 Nerone
1237 2228 1329 2263 silius
1339 2254 1349 2272 ,
1371 2228 1503 2263 Tiberii
1519 2227 1599 2261 fra—

922 2286 976 2314 ter
991 2306 1002 2322 ,
1028 2280 1132 2315 rebus
1152 2280 1198 2317 in,
1214 2279 1407 2315 Germania
1436 2279 1598 2324 preclare

921 2330 1044 2376 gestis,
1064 2330 1107 2365 ad
1129 2331 1298 2366 Rhenum
1315 2331 1354 2366 in
1376 2331 1500 2366 activis
1517 2343 1598 2365 cas-

910 2382 983 2421 ¹tris
995 2407 1005 2424 ,
1023 2394 1065 2416 ex
1082 2381 1255 2426 fractura,
1278 2395 1371 2428 equo
1393 2395 1498 2428 super
1520 2395 1601 2418 eriis

921 2433 998 2478 ejus
1013 2432 1184 2478 collapso,
1208 2446 1264 2469 an.
1283 2446 1318 2468 u.
1335 2447 1365 2468 c.
1386 2435 1448 2479 745
1461 2460 1472 2478 ‚
1493 2446 1597 2468 mor—

922 2486 1002 2518 tu'us
1018 2491 1069 2519 est
1084 2496 1093 2517 z
1108 2483 1152 2518 de
1174 2497 1244 2530 qua
1263 2491 1379 2520 morte
1396 2485 1462 2533 ιφ
1478 2485 1600 2521 Ovidii

922 2538 1067 2573 nomine
1083 2538 1273 2573 consolatio
1288 2545 1397 2574 exstat
1407 2536 1452 2574 ad
1463 2539 1598 2574 liviam

923 2589 1128 2635 Augustam.
1141 2589 1292 2626 Senatu
1305 2590 1371 2637 ipsi
1383 2591 1599 2639 posterisque

921 2643 998 2688 ejus
1012 2645 1410 2691 Germam‘cicognomen
1420 2644 1574 2680 decrevit
1586 2660 1596 2686 ;

923 2694 1114 2729 Suetonius
1127 2721 1137 2739 ,
1149 2694 1272 2731 Claud.
1294 2709 1307 2730 1
1321 2709 1331 2738 ;
1346 2695 1436 2739 Dio,
1448 2696 1505 2731 lib.
1517 2696 1599 2731 XV.

922 2765 966 2774 —
977 2749 1091 2783 Vinus
1104 2749 1176 2784 ma.
1193 2747 1368 2794 Velleius,
1389 2749 1449 2794 11,
1470 2760 1513 2796 97
1525 2774 1538 2793 ,
1556 2747 1602 2783 de
