1826 3054
226 269 314 330 4ss
747 265 1133 311 Excunsus

223 381 322 411 mus
337 397 350 419 ‚
376 372 427 410 ut
448 380 487 408 v.
513 376 550 407 c.
579 358 819 408 Saturnum
843 358 1068 425 cumsalce
1090 356 1253 421 agresti
1277 356 1323 405 in
1346 358 1654 426 Kpdvov,quod

222 439 296 488 ille
310 436 429 506 falce
457 435 703 486 demetebat
721 472 734 494 ‚
767 435 929 485 abiisse
959 435 1088 485 multi
1122 436 1236 485 bene
1267 436 1571 485 observarunt.
1603 438 1653 485 ln

226 516 322 565 aliis
343 535 381 564 v.
407 534 446 564 c.
471 515 606 565 Anna
621 513 811 563 Perenna
826 552 838 569 ‚
866 513 1013 569 Maia,
1036 512 1197 569 Sanco,
1219 513 1483 563 hauddubie
1500 513 1655 581 appel-

220 592 399 643 lationis
426 589 788 648 similitudinem‚
812 590 858 638 in
879 589 979 639 aliis
1004 601 1055 639 ut
1077 589 1123 637 in
1147 589 1344 646 Matuta,
1368 592 1490 641 vocis
1514 591 1655 655 signi-

222 669 468 719 ficationem
491 667 603 716 illud
628 679 900 717 momentum
926 667 1063 716 fuisse
1079 705 1091 725 ‚
1118 686 1209 734 quo
1235 668 1411 718 nomine
1432 687 1654 736 compara-

221 748 388 797 bantur
410 758 454 795 et
477 745 890 804 commutabantur,
914 757 1120 813 apparet;
1146 745 1244 794 vide
1269 740 1394 795 infra.

287 827 355 875 De
391 824 657 892 quibusdam
689 835 806 873 certe
841 823 1101 872 numinibus
1132 823 1178 872 in
1209 835 1351 873 vetere
1385 822 1514 872 Latio
1547 823 1655 872 citra

224 902 569 953 controversiam
608 901 862 951 domesticis
881 938 893 960 ‚
929 901 1072 968 deque
1104 900 1290 950 aliorum
1322 899 1543 968 probabili
1574 920 1655 948 no-

225 984 345 1032 tione
365 994 408 1031 et
425 980 722 1048 interpolandi
739 980 910 1030 ratione
934 980 1131 1047 quadam
1150 980 1282 1029 verba
1303 980 1462 1038 facere,
1486 991 1591 1046 post
1606 998 1656 1028 ea

226 1081 322 1130 quae
344 1060 414 1110 lll.
434 1061 635 1128 Heynius
649 1059 679 1108 l.
695 1078 732 1108 c.
747 1059 908 1116 habet,
930 1059 988 1107 ab
1009 1059 1160 1107 Ovidii
1179 1059 1539 1126 interpretatione
1564 1077 1655 1106 non

232 1139 423 1188 alienum
443 1137 537 1186 erit.
558 1136 772 1185 Universe
796 1135 978 1184 numina
996 1133 1071 1183 illa
1085 1172 1097 1192 ‚
1116 1134 1394 1198 modo‘reges
1411 1134 1655 1201 heroesque

222 1218 268 1266 in
295 1217 477 1265 deorum
500 1234 733 1265 numerum
757 1214 912 1272 relati,
946 1214 1082 1263 modo
1102 1214 1314 1281 praesides
1350 1226 1393 1263 et
1420 1213 1550 1280 primi
1574 1232 1655 1262 au-

222 1309 369 1345 ctores
390 1313 575 1363 operum
594 1293 856 1357 agrestium,
882 1292 1015 1341 modo
1039 1292 1245 1359 nymphae
1278 1303 1323 1340 et
1350 1292 1531 1340 numina
1563 1290 1655 1358 syl-

221 1374 379 1423 vestria
416 1385 461 1422 et
498 1384 707 1422 montana
739 1370 956 1419 vaticiniis
992 1370 1108 1419 clara
1123 1408 1135 1428 ‚
1173 1370 1310 1419 modo
1343 1369 1413 1418 dei
1450 1368 1654 1418 tutelares

221 1450 499 1515 singulorum
517 1447 748 1497 hominum
762 1446 899 1496 fuisse
913 1484 924 1503 ‚
948 1445 1169 1495 videntur.
1191 1448 1257 1495 De
1272 1446 1392 1495 ,lano
1413 1458 1458 1494 et
1475 1445 1655 1494 Saturno

221 1526 514 1578 celeberrimis
539 1525 723 1574 omnino
756 1524 809 1573 in
836 1524 917 1574 hac
945 1523 1221 1591 mythologia
1254 1523 1514 1572 nominibus
1545 1524 1587 1571 h.
1623 1524 1649 1571 Ι.

220 1624 347 1670 agere
368 1602 658 1671 supersedeo:
676 1601 730 1651 de
751 1600 890 1650 altero
906 1620 1004 1667 quae
1024 1601 1183 1650 tentari
1201 1612 1392 1667 possunt
1409 1600 1462 1648 ad
1478 1601 1593 1649 Fast.
1612 1602 1651 1656 1,

222 1684 402 1748 collegi3
421 1682 476 1731 de
498 1681 638 1731 altero
662 1681 718 1730 ad
739 1679 807 1729 lll.
831 1679 1054 1746 Heynium
1073 1678 1102 1726 l.
1124 1698 1160 1727 c.
1180 1677 1373 1741 relegare
1395 1677 1556 1727 licebit.
1589 1679 1654 1726 De

222 1764 391 1814 Silvam
421 1761 559 1812 multa
591 1759 771 1825 collegit
804 1771 849 1808 et
878 1758 1124 1826 disputavit
1155 1757 1223 1807 lll.
1249 1758 1380 1807 Voss.
1410 1758 1465 1806 ad
1498 1757 1651 1819 Eclog.

222 1861 268 1909 p.
296 1840 405 1889 521.
430 1840 500 1888 De
520 1837 674 1887 Libero
698 1856 733 1885 S.
765 1835 963 1885 Loebasio
983 1835 1082 1885 vide
1108 1834 1310 1884 eumdem
1339 1835 1394 1884 ad
1420 1834 1513 1884 Ecl.
1540 1836 1654 1893 Vll,

227 1918 302 1967 58.
324 1918 392 1966 De
411 1917 587 1972 Cerere,
614 1932 711 1981 quae
734 1923 905 1962 mature
926 1931 1028 1962 cum
1045 1913 1251 1963 Demetre
1270 1924 1540 1962 commutata
1563 1926 1652 1968 est,

226 1995 297 2045 vix
321 1991 490 2062 aliquid
512 2002 674 2060 praeter
695 2008 859 2039 nomen
880 2026 893 2047 ‚
927 1990 1048 2056 quod
1071 1990 1276 2039 sabinum
1302 2006 1395 2038 oese
1409 2026 1422 2046 ‚
1446 2001 1489 2038 et
1503 2008 1654 2056 panem

227 2092 381 2125 sonare
397 2071 552 2121 volunt
564 2067 837 2134 grammatici
851 2105 862 2125 ‚
890 2080 1117 2135 superest3
1140 2067 1259 2116 Serv.
1282 2067 1339 2115 ad
1357 2068 1519 2131 Georg.
1546 2068 1588 2124 l,
1611 2086 1649 2132 7.

228 2150 318 2202 Alii
343 2148 622 2217 explicabant
643 2164 725 2215 per
749 2146 904 2201 Getes,
933 2144 1256 2213 permutatione
1287 2142 1508 2193 literarum
1541 2145 1651 2192 auti·

230 2249 343 2298 qua;
370 2229 462 2279 Cic.
487 2240 576 2278 nat.
604 2226 725 2275 deor.
749 2225 821 2283 ΙΙ,
847 2222 923 2272 26.
946 2222 1227 2273 Ambarvalia
1249 2221 1325 2271 illa
1347 2222 1481 2288 (Tib.
1502 2224 1568 2280 11,
1604 2227 1651 2283 1)

231 2309 396 2377 quibus
413 2306 599 2375 junctim
619 2323 719 2355 cum
742 2305 906 2354 Libero
927 2301 1187 2371 plerumque
1210 2301 1328 2351 culta
1351 2314 1436 2359 est,
1461 2301 1516 2351 ad
1538 2314 1653 2351 vete·

230 2406 321 2439 rem
332 2385 486 2452 ejusin
497 2382 622 2434 ltalia
636 2381 806 2432 cultum
823 2380 1042 2449 pertinere
1068 2380 1286 2437 videntur,
1311 2398 1447 2447 quum
1470 2377 1658 2428 Cerealia

234 2477 388 2516 contra
409 2464 579 2514 urbana
600 2480 786 2531 prorsus
805 2478 931 2510 more
947 2478 1086 2524 graeco
1104 2459 1447 2516 celebrarentur,
1467 2470 1508 2507 et
1527 2478 1551 2506 a
1571 2460 1657 2508 De-

234 2543 403 2594 metriis
426 2560 664 2607 graecorum
684 2539 870 2608 repetita
890 2550 1057 2595 essent;
1081 2537 1173 2587 Cic.
1188 2556 1271 2605 pro
1282 2535 1446 2593 Balbo,
1470 2556 1563 2604 cap.
1582 2538 1656 2598 24.

302 2621 372 2679 Si,
400 2619 522 2688 quod
548 2630 714 2668 certum
738 2628 829 2675 est,
852 2616 939 2665 vita
961 2615 1191 2683 pastoritia
1213 2632 1421 2678 agrorum
1443 2613 1656 2662 culturam

240 2701 284 2749 in
297 2697 427 2749 ltalia
441 2696 684 2765 praecessh,
709 2694 889 2744 numina
906 2693 994 2743 huc
1010 2691 1249 2760 spectantia
1261 2730 1274 2751 ‚
1300 2704 1350 2741 ut
1362 2690 1488 2741 Pales
1505 2702 1549 2741 et
1566 2690 1657 2756 Ops

240 2779 354 2828 sorte
372 2777 499 2826 etiam
519 2774 769 2841 antiquiora
790 2783 895 2822 sunt
919 2770 1006 2820 illis
1028 2770 1210 2818 culture.-
1232 2771 1509 2821 auctoribus.
1533 2781 1576 2818 et
1600 2768 1652 2817 ad
