1826 3054
530 201 924 247 FASTORUM
962 201 1096 244 LIB.
1139 200 1199 244 V.

1474 197 1559 253 343

150 299 268 348 Vina
291 315 465 365 quoque
485 296 532 344 in
555 294 725 358 magnis
746 313 929 360 operose
951 292 1124 341 condita
1147 290 1266 340 cellis

218 375 423 431 Florent;
452 385 496 422 et
515 371 687 421 nebulae
709 370 826 420 dolia
849 390 1016 420 summa
1038 381 1205 433 tegunt.

1497 392 1563 428 27⁰

156 452 290 502 Mella
313 470 455 500 meum
478 453 664 505 ¹munus;
687 447 883 497 volucres
905 467 986 511 ego
1010 447 1138 496 mella
1161 446 1338 495 daturas

221 531 289 578 Ad
314 529 495 586 violam,
517 539 561 576 et
584 526 767 594 cytisos,
792 538 837 575 et
860 526 1007 592 thyma
1032 544 1136 573 cana
1156 543 1279 572 voco.

156 608 252 655 Nos
275 624 450 672 quoque
474 604 589 652 idem
611 604 794 652 facimus
814 615 918 651 tunc
932 641 944 661 ‚
967 621 1103 669 quum
1124 599 1390 666 juvenilibus
1410 598 1535 647 annis

221 682 463 731 Luxuriant
488 682 641 739 animi,
667 699 937 746 corporaque
961 681 1057 746 ipsa
1077 679 1231 727 virent.

155 758 278 808 Talia
302 759 515 807 dicentem
539 758 697 806 tacitus
718 757 936 805 mirabar:
959 769 1003 805 at
1026 756 1126 814 illa,

1502 770 1568 815 275

219 838 302 884 Jus
326 836 408 883 tibi
433 835 626 884 discendi
641 872 653 892 ‚
678 835 716 883 si
741 854 827 901 qua
847 835 1057 901 requiris,
1078 835 1151 882 ait.

156 914 240 961 Dic
256 951 267 969 ‚
293 913 395 971 dea,
421 911 652 969 ludorum,
676 911 914 978 respondi,
942 930 1036 978 quae
1059 912 1118 959 sit
1141 911 1282 973 origo.

221 991 308 1038 Vix
330 990 442 1038 bene
467 989 702 1045 desieram3
726 987 897 1036 rettulit
916 987 990 1036 illa
1012 988 1146 1036 mihi:

162 1069 325 1116 Caetera
347 1066 525 1116 luxuriae
550 1064 748 1114 nondum
769 1064 1056 1114 instrumenta
1075 1063 1305 1127 vigebant3

162 1215 180 1231 ι»
199 1201 327 1235 nabere
347 1200 458 1235 lentis.
480 1214 499 1230 »
518 1217 562 1226 —-
579 1199 671 1243 Quae
689 1198 731 1233 de
756 1202 834 1233 vino

161 1260 356 1298 sequuntur
366 1279 376 1296 ‚
392 1266 432 1287 ea
443 1251 567 1286 melius
577 1252 744 1286 abessent.
755 1253 835 1285 Flos

163 1306 259 1339 enim
275 1312 310 1339 et
324 1307 445 1339 nebula
462 1303 534 1338 vini
555 1312 607 1338 est
630 1315 753 1348 spuma
773 1309 834 1337 te·-

164 1358 241 1392 nuis
251 1359 286 1392 in
295 1370 434 1393 summo
443 1358 525 1391 vino
535 1362 657 1390 natans
667 1370 675 1396 3
689 1354 834 1397 Plinius,

162 1410 268 1453 XIV,
286 1424 325 1455 27
343 1422 352 1443 :
367 1424 383 1439 «
400 1410 479 1444 Flos
494 1409 565 1443 vini
578 1407 744 1443 candidus
755 1419 836 1452 pro-

165 1478 182 1493 »
200 1463 322 1503 batum
345 1463 474 1498 rubens
490 1463 585 1497 triste
600 1461 737 1507 signum
755 1466 806 1495 est
823 1485 833 1502 ,

165 1532 183 1547 »ν
198 1518 352 1552 sinonis
363 1517 433 1551 vini
447 1516 538 1552 colos
553 1516 606 1550 sit.
620 1531 637 1545 υ
651 1513 836 1549 Columell.

166 1570 237 1605 ΧΠ
248 1597 259 1614 ‚
279 1571 323 1605 30
339 1583 348 1604 τ
365 1584 382 1600 κ
401 1570 439 1605 Si
458 1570 578 1604 vinum
595 1569 722 1604 florere
741 1567 837 1602 inci-

167 1637 184 1652 »
202 1623 294 1668 piet,
311 1623 433 1668 saepius
441 1635 561 1657 curare
573 1621 755 1668 oportebit.
768 1636 785 1651 »ν
794 1639 838 1646 -

169 1678 312 1721 Operose
322 1705 330 1714 ,
346 1676 541 1722 diligenter.

209 1740 248 1772 ²7
256 1741 268 1762 1
275 1754 282 1761 .
291 1728 406 1761 Mellts
416 1727 549 1761 donum
561 1725 686 1761 rectius
695 1725 757 1760 sibi
768 1724 839 1758 vin·

168 1779 257 1814 dicat
272 1788 413 1826 propter
432 1793 570 1822 succos,
590 1792 676 1825 quos
696 1778 839 1813 floribus

168 1830 293 1866 indidit
311 1833 429 1877 apibus
449 1831 668 1878 colligendos.
681 1850 726 1857 —-
750 1833 839 1864 Vt'o—

169 1886 237 1916 Iam
252 1896 264 1927 ,⁸
289 1884 404 1929 itaque
427 1892 462 1919 et
476 1885 598 1929 virgil.
615 1884 742 1928 Georg.
763 1882 816 1917 IV
828 1907 838 1924 ‚

172 1935 209 1968 31
225 1960 234 1977 ,
261 1936 413 1981 praeripit
427 1949 436 1970 z
453 1935 583 1970 circum
604 1935 748 1970 alvearia
762 1937 841 1967 itri-

170 2000 269 2030 guum
284 1989 400 2021 bibant
414 1989 556 2021 violaria
570 1987 712 2030 sontem.
728 2004 773 2011 —
786 1985 840 2019 De

173 2040 284 2084 thymo
295 2051 349 2072 res
364 2045 447 2073 nota
458 2052 467 2079 ;
482 2045 517 2073 et
529 2037 594 2072 suit
609 2037 846 2082 proverbium:

173 2093 250 2124 dum
271 2092 382 2138 thymo
395 2098 576 2135 pascentur
591 2103 696 2135 apes‚·
723 2090 846 2136 Virgil.

177 2142 247 2178 Ecl.
261 2143 305 2185 V,
319 2157 368 2189 77.
379 2162 422 2168 —
433 2145 464 2177 C
456 2147 567 2189 ylisus
577 2142 707 2177 fruticis
717 2154 824 2187 genus
834 2167 843 2184 ,

174 2193 330 2239 jucundo
346 2195 509 2229 soliorum
525 2202 560 2229 et
575 2207 695 2239 sapore
712 2200 748 2228 et
764 2192 846 2227 odo-

175 2259 212 2280 re
224 2271 233 2289 ,
249 2259 319 2291 quo
339 2253 410 2280 tam
424 2245 561 2292 capellae
580 2258 685 2290 quam
699 2257 776 2290 apes
791 2243 848 2278 de-

174 2298 366 2338 lectantur;
387 2298 485 2343 Virg.
503 2297 574 2332 Ecl.
600 2298 633 2332 X
648 2324 658 2340 ‚
686 2297 729 2331 30
745 2309 754 2330 :
770 2295 848 2329 vide

178 2350 323 2385 Martia.
338 2349 379 2384 ad
396 2350 525 2396 Georg.
542 2350 577 2386 II
592 2375 601 2392 ,
627 2350 701 2392 431.
719 2368 764 2375 —·
778 2350 850 2382 Nos

178 2416 303 2448 quoque
315 2405 399 2437 idem
400 2403 553 2448 facimus
561 2416 570 2436 ,·
578 2415 698 2437 meum
710 2415 848 2447 quoque

181 2468 307 2491 munus
323 2462 375 2490 est
387 2481 396 2499 ,
423 2467 532 2500 quum
551 2455 694 2500 juvenes
711 2455 850 2489 florent.

182 2509 276 2544 Male
289 2508 432 2554 interpr.
444 2509 598 2554 gallicus:
612 2511 742 2542 Comme
750 2511 847 2548 elles,

184 2565 243 2596 des
260 2565 399 2606 plat'sirs
422 2575 506 2597 nous
529 2564 683 2596 butinmzs
703 2564 739 2595 la
754 2563 851 2605 fleur.

186 2615 311 2650 Verbis
321 2617 492 2650 luxuriant
500 2623 563 2651 etc.
581 2613 785 2649 describitur
799 2614 825 2647 is
840 2639 849 2656 ,

188 2679 292 2713 quem
303 2667 467 2702 Horatius
474 2667 621 2703 florente
634 2667 774 2712 juventa
784 2665 854 2700 ser-

188 2718 307 2753 vidum
324 2726 433 2754 vocat.
447 2737 492 2745 —
513 2721 629 2755 Virent
651 2717 815 2753 Heinsius
833 2729 852 2751 e

898 1198 1066 1233 Mazarin.
1083 1206 1118 1234 et
1137 1198 1327 1233 Zulichem.
1343 1211 1362 1233 a
1378 1209 1484 1232 manu
1499 1197 1573 1243 pri-

899 1263 955 1285 ma
973 1250 1140 1294 laudavit,
1158 1258 1194 1285 et
1207 1251 1431 1285 Burmannus
1447 1250 1483 1284 in
1498 1257 1572 1284 tex-

899 1309 975 1337 tum
991 1303 1141 1347 recepit,
1162 1302 1241 1347 quia
1258 1314 1337 1336 mox
1349 1304 1506 1345 vlg’ebant
1517 1314 1574 1336 se·-

900 1354 1026 1399 quitur.
1038 1355 1084 1389 Et
1096 1367 1177 1389 sane
1187 1380 1196 1397 ,
1209 1356 1383 1391 viriditas,
1400 1360 1438 1388 ut
1449 1356 1482 1389 τὶ
1494 1357 1574 1397 χλω-

898 1409 965 1454 ρὶν,
984 1405 1026 1440 de
1044 1406 1160 1452 vigore
1180 1406 1323 1451 juvenili
1339 1406 1444 1440 etiam
1464 1406 1500 1440 in
1517 1418 1574 1440 so·-

900 1459 971 1493 luta
981 1459 1136 1494 oratione
1148 1459 1239 1494 bene
1250 1459 1387 1494 dicitur.
1394 1458 1576 1493 Mitscher-

899 1509 1020 1544 lichius
1038 1518 1157 1546 tamen
1173 1511 1348 1555 vulgatam
1365 1514 1480 1554 vigent
1492 1523 1575 1545 ser-

899 1562 1002 1597 vavit.
1016 1563 1202 1597 luxuriare
1217 1563 1296 1597 alias
1313 1562 1356 1597 de
1369 1562 1575 1598 succulentis

901 1621 937 1648 et
953 1614 1082 1660 vegetis
1096 1615 1262 1649 membris
1281 1614 1426 1657 dicitur,
1447 1621 1486 1648 ut
1502 1614 1578 1649 VII

902 1666 1049 1701 Bletam.
1066 1681 1152 1715 ²9²3
1171 1667 1269 1713 Virg.
1284 1667 1413 1713 Georg.
1431 1669 1485 1702 111
1500 1693 1510 1710 ‚
1524 1668 1578 1701 81.

903 1718 984 1752 Hoc
999 1719 1074 1754 loco
1092 1719 1134 1754 de
1152 1719 1352 1753 animorum
1367 1719 1498 1764 vigore.
1515 1756 1517 1758 ,

941 1772 1106 1816 275-330.
1119 1771 1300 1806 Ludorum
1310 1771 1499 1806 Floralium
1510 1770 1579 1804 ori·

905 1835 948 1867 go
966 1822 1007 1856 ad
1027 1822 1209 1857 veritatem
1227 1823 1424 1857 historicam
1449 1834 1580 1856 narra-

905 1882 972 1910 tur.
989 1876 1096 1910 Anno
1109 1889 1143 1910 u.
1159 1889 1188 1910 c.
1205 1876 1268 1910 513
1280 1901 1290 1917 ,
1309 1882 1348 1910 ut
1366 1876 1437 1920 jam
1454 1875 1496 1909 ad
1512 1874 1578 1917 IV,

903 1927 968 1974 943
982 1952 992 1970 ,
1008 1926 1225 1961 admonitum
1235 1953 1245 1970 ,
1265 1927 1410 1962 Publicii
1426 1926 1583 1961 Malleoli

904 1980 1027 2016 fratres
1039 2007 1048 2025 ,
1073 1981 1188 2016 aediles
1207 1981 1314 2026 plebis
1326 2007 1336 2024 ‚
1353 1982 1462 2026 quum
1482 1981 1584 2016 multi

906 2034 995 2069 cives
1008 2034 1044 2068 in
1060 2034 1197 2080 publico
1213 2041 1393 2080 pascerent
1407 2059 1417 2076 ,
1444 2034 1585 2079 pecula-

908 2093 963 2120 tus
980 2099 1037 2120 eos
1049 2086 1347 2129 condemnarunt,
1367 2093 1468 2131 atque
1485 2100 1504 2120 e
1520 2100 1584 2132 pe-

909 2138 1009 2171 cunia
1025 2138 1209 2173 multatitia
1223 2138 1324 2172 ludos
1348 2139 1458 2173 Florae
1478 2139 1585 2173 insti—

909 2195 1053 2223 tuerunt
1065 2203 1074 2230 3
1088 2189 1113 2223 ii
1124 2201 1208 2223 vero
1217 2189 1277 2223 diu
1288 2189 1472 2224 intermissi
1486 2215 1494 2232 ,
1510 2197 1588 2223 tan-

911 2239 993 2274 dem
1009 2253 1102 2275 anno
1125 2253 1159 2274 u¹
1182 2254 1211 2276 c.
1228 2243 1314 2285 580,
1337 2242 1376 2277 L.
1404 2242 1587 2276 Postumio

912 2294 1061 2338 Albino,
1080 2295 1133 2329 M.
1151 2295 1298 2342 Popillio
1315 2295 1453 2329 Laenate
1470 2307 1553 2329 coss.
1568 2306 1588 2328 a

914 2346 956 2381 C.
975 2347 1121 2381 Servilio
1133 2346 1312 2381 instaurati
1325 2353 1406 2380 sunt
1422 2372 1431 2388 ,
1449 2353 1483 2380 et
1499 2358 1590 2390 quo,-

913 2401 1026 2434 tannis
1033 2400 1194 2446 deinceps
1205 2399 1378 2438 celebrati;
1390 2398 1467 2432 vide
1480 2398 1589 2443 Span-

913 2453 1006 2487 hem.
1031 2452 1072 2487 de
1105 2452 1181 2487 Usu
1214 2458 1249 2485 et
1274 2451 1454 2485 Praestent„
1480 2450 1589 2485 Num.

913 2513 998 2540 tom.
1013 2505 1071 2547 11,
1096 2518 1128 2550 p.
1150 2503 1220 2548 146.

968 2570 1042 2604 ²79·
1070 2557 1293 2589 Instrumenta
1321 2553 1460 2587 luz-unit
1472 2579 1482 2592 ‚
1513 2564 1592 2597 quae

913 2608 1070 2643 serviunt
1086 2606 1227 2641 luxuria
1244 2632 1253 2648 ,
1278 2604 1311 2639 ei
1335 2605 1497 2640 alimenta
1514 2605 1591 2639 mi—

915 2662 1064 2697 nistrant
1077 2674 1086 2702 ;
1101 2658 1233 2695 Plinius
1244 2684 1253 2701 ‚
1268 2658 1321 2693 lx
1332 2683 1342 2701 ‚
1364 2658 1420 2692 13:
1433 2672 1449 2686 a
1465 2657 1590 2699 Pollio,

919 2728 936 2745 ιο
955 2713 1082 2759 sagacis
1090 2711 1132 2746 ad
1142 2710 1285 2746 luxuriae
1293 2710 1524 2745 instrumenta
1536 2708 1595 2742 in-
