1826 3054
513 268 910 313 FASTORUM
948 269 1081 313 LIB.
1117 271 1175 314 V.

1457 273 1544 333 339

199 365 336 429 Inque
361 361 473 410 leves
494 359 689 409 calathos
710 378 889 408 munera
909 372 1059 408 nostra
1082 359 1247 423 legunt.

137 441 345 489 Protinus
369 439 583 506 arripiunt
606 439 832 496 Charites3
855 450 1124 505 nectuntque
1143 455 1328 489 coronas
1342 477 1355 499 ‚

202 520 408 584 Sertaque
430 516 621 565 caelestes
641 516 906 583 implicitura
927 535 1084 565 comas.

1483 544 1550 567 220

138 596 282 643 Prima
306 614 383 660 per
404 595 634 642 immensas
658 594 795 659 sparsi
813 613 926 642 nova
951 593 1116 642 semina
1140 605 1290 657 gentes
1309 613 1320 642 ε

201 671 343 718 Unius
368 668 496 717 tellus
519 681 618 717 ante
644 668 801 718 coloris
825 681 928 717 erat.

139 746 282 795 Prima
305 746 575 812 Therapnaeo
600 746 681 793 feci
705 746 758 794 de
781 747 991 809 sanguine
1013 746 1164 795 florem
1184 767 1195 795 :

204 827 261 872 Et
283 837 428 874 manet
451 826 494 872 in
515 823 622 873 solio
644 825 804 891 scripta
830 824 1004 892 querela
1028 844 1121 873 suo.

139 902 208 948 Tu
225 920 400 967 quoque
419 920 579 949 nomen
595 900 730 949 habes
745 899 889 948 cultos
902 938 914 958 ‚
932 901 1135 949 Narcisse
1148 937 1160 959 ‚
1179 919 1258 966 per
1273 900 1456 949 hortos:
1492 917 1557 949 225

204 975 383 1033 Infelix,
410 976 530 1042 quod
553 995 644 1023 non
664 975 773 1024 alter
796 987 838 1022 et
862 975 971 1023 alter
994 978 1107 1024 eras!

142 1054 265 1118 Quid
286 1056 483 1112 Crocon,
507 1061 583 1102 aut
605 1054 735 1102 Attin
758 1053 939 1102 referam
953 1092 965 1111 ‚
991 1054 1239 1119 Cinyraque
1261 1065 1483 1111 creatun1;

146 1168 184 1206 42
200 1191 209 1207 ‚
228 1165 249 1198 6
262 1178 270 1198 :
284 1167 407 1203 πέπλους
423 1167 577 1209 innuptum
594 1167 746 1210 &pne-potis
763 1163 819 1196 Sne-

148 1224 202 1252 5602
229 1219 421 1265 κολυτέριῶν.
441 1216 606 1250 Heinsius
623 1215 690 1249 hoe
715 1215 790 1250 loco
805 1241 816 1258 ,

145 1270 287 1315 intellig.
304 1277 414 1304 vestes
427 1283 445 1303 e
463 1268 606 1302 floribus
620 1274 793 1302 contextas
806 1293 816 1310 ,

148 1330 182 1357 et
201 1330 270 1357 tres
292 1323 389 1357 MSS
408 1322 537 1356 habent
550 1324 656 1365 pictis·
664 1322 818 1365 floribus.

149 1374 322 1418 Equidem
333 1373 450 1408 malim
463 1373 506 1407 de
518 1373 668 1407 vestibus
676 1385 798 1418 capere
808 1398 819 1415 ,

150 1427 265 1471 quales
292 1427 329 1460 in
356 1425 487 1473 Cyprio
514 1425 667 1460 carmine
684 1450 694 1467 ‚
725 1422 820 1468 quod

150 1478 310 1524 Neapolis
324 1477 493 1520 laudavit,
504 1476 756 1511 describuntur.
769 1475 823 1511 lbi

149 1531 278 1567 Gratiae
295 1538 403 1565 vestes
420 1529 522 1564 factas
539 1531 677 1574 ”ἐάψαυ’
664 1546 691 1564 εν
704 1531 771 1563 ἄνθε
760 1544 823 1563 εσιν

151 1586 213 1637 εἰσι(
205 1591 344 1626 ινοὶσιν,
364 1581 424 1616 ubi
442 1581 609 1624 additur,
634 1586 683 1616 οἴει
704 1579 823 1630 copofie’

150 1643 252 1685 Ωραι.
268 1653 313 1661 -
334 1635 457 1673 Lem,
494 1646 621 1678 nempe
646 1646 665 1667 e
690 1632 822 1666 vimine

151 1688 246 1722 lento
262 1685 632 1728 textos;1V,435.--
649 1685 826 1727 Ampium

151 1738 247 1773 dedit
266 1737 431 1772 Heinsius
445 1749 486 1770 ex
500 1748 574 1770 uno
590 1734 825 1770 Zulichemia-

153 1807 224 1833 no3
248 1793 478 1828 Mazarinaeus
503 1794 675 1834 accipiunt
688 1816 697 1829 ‚
730 1787 824 1834 quod

154 1845 239 1879 mihi
262 1843 387 1879 metius
409 1843 541 1888 placet;
566 1854 638 1876 non
661 1841 755 1875 enim
772 1841 826 1874 vi-

156 1896 223 1930 deo
235 1922 244 1938 ,
272 1908 334 1929 cur
356 1894 485 1929 Gratiae
503 1901 574 1928 tam
591 1892 714 1938 cupide
730 1895 826 1926 arri-

151 1951 284 1992 puerint
296 1946 409 1980 flores.
424 1945 539 1990 Vulgo
551 1971 561 1987 ‚
575 1947 746 1979 accedunt.

218 2015 291 2035 221.
313 1999 442 2034 Merita
468 1999 590 2033 Florae.
605 1993 759 2032 “Florum
787 2009 828 2031 ex

159 2053 358 2088 hominibus
370 2057 534 2085 natorum
544 2049 753 2083 creationem
765 2047 830 2082 sibi

159 2104 309 2139 vindicat
321 2129 330 2147 ,
348 2102 428 2148 quia
444 2101 519 2146 ejus
537 2112 643 2145 opera
657 2099 831 2134 interces-

159 2163 261 2191 serat.
274 2174 319 2181 —
334 2157 457 2189 Gentes
471 2165 483 2195 ‚·
507 2151 563 2186 alii
578 2157 693 2185 terras.
709 2150 834 2185 Solent

159 2208 233 2242 haec
248 2207 319 2241 duo
333 2205 527 2251 promiscue
542 2201 699 2247 usurpari
717 2214 736 2236 a
751 2214 832 2246 poe-

162 2262 205 2296 tis
219 2275 227 2299 z
244 2259 373 2294 Moret.
386 2261 574 2292 innumeras
580 2261 748 2299 gentes.—
757 2255 835 2287 The-

162 2325 293 2357 rapnaeo
312 2313 354 2344 de
371 2310 611 2353 sanguineflos
627 2313 679 2341 est
695 2305 836 2353 hyacin-

166 2364 245 2398 thus
255 2389 267 2406 ‚
281 2362 390 2397 sactus
406 2374 446 2396 ex
464 2358 665 2407 Hyacinthe
677 2384 686 2400 ,
707 2359 834 2402 juvene

167 2414 411 2450 lacedaemonio
425 2439 434 2454 ,
449 2424 553 2457 quem
571 2410 696 2457 Apollo
710 2410 772 2444 sibi
785 2422 837 2444 ca—

167 2467 340 2501 rissimum
357 2464 560 2510 imprudens
580 2463 672 2498 disco
689 2475 836 2508 percus-

167 2518 211 2552 sit
225 2544 235 2561 ,
252 2524 287 2552 et
300 2518 337 2551 in
353 2516 478 2551 florem
494 2515 739 2561 cognominem
756 2526 838 2548 mu-

172 2570 275 2610 tavit3
291 2569 327 2603 X
338 2568 483 2602 Metam.
505 2568 576 2601 162.
595 2568 627 2602 ls
641 2578 722 2600 mox
737 2567 839 2612 Amy-

171 2623 276 2655 ctides
284 2626 437 2662 vocatur,
447 2632 527 2654 mox
540 2620 728 2656 OEbalides,
745 2630 840 2652 nunc

180 2675 397 2716 Therapnaeus
407 2683 426 2705 a
440 2671 633 2716 Therapnis
647 2696 656 2713 ,
675 2670 760 2704 urbe
776 2669 841 2703 La·

174 2724 282 2758 conia
298 2749 308 2767 ‚
335 2735 545 2769 quamquam
571 2736 667 2758 nunc
694 2723 842 2756 omnino

175 2775 459 2811 lacedaemonium
475 2788 518 2811 eo
534 2776 679 2811 nomine
697 2774 842 2810 indicari

882 1169 977 1208 puto.
1006 1162 1058 1196 Ita
1076 1160 1219 1196 Callisto
1241 1161 1348 1196 Arcas
1374 1175 1469 1197 nunc
1487 1164 1560 1197 Tc-

879 1229 971 1259 ὅσσα
982 1222 1143 1257 vocatur,
1162 1227 1257 1249 nunc
1268 1215 1446 1255 Maenalia,
1465 1228 1561 1251 nunc

883 1269 1064 1301 Parthas-121·
1073 1274 1108 1301 et
1120 1269 1315 1300 Nonacrina
1325 1280 1338 1310 ;
1353 1267 1432 1301 vide
1444 1267 1486 1302 ad
1503 1270 1538 1304 II
1549 1295 1560 1312 ,

888 1319 959 1365 157.
974 1319 1026 1353 lta
1040 1319 1086 1363 V,
1099 1319 1160 1366 89,
1179 1318 1346 1353 Evander
1360 1321 1559 1362 Nonacrius,

885 1372 945 1416 qui
961 1371 1027 1406 suit
1043 1371 1223 1406 Pallanteo
1234 1378 1331 1407 ortus
1345 1386 1354 1413 ;
1374 1372 1452 1408 vide
1468 1381 1503 1408 et
1518 1374 1563 1408 ad

884 1425 900 1460 Ι
916 1450 926 1467 ,
944 1425 1017 1470 478.
1043 1424 1098 1458 De
1120 1424 1308 1472 hyacintho
1323 1433 1484 1461 veterum
1501 1426 1563 1461 di-

881 1485 978 1512 ctum
991 1477 1034 1511 ad
1050 1478 1085 1512 X
1100 1478 1247 1513 Metam.
1260 1492 1298 1513 αι
1307 1492 1320 1513 ι
1337 1493 1346 1520 ;
1362 1479 1410 1514 ibi
1422 1493 1564 1526 quoque

883 1529 1036 1564 Phoebus
1045 1542 1125 1564 suos
1132 1533 1274 1574 gemitus
1278 1530 1383 1574 foliis
1396 1535 1561 1574 inscribit,

882 1589 918 1616 et
922 1586 1010 1616 alai
1013 1584 1093 1617 Hos
1099 1584 1203 1618 babet
1208 1587 1404 1628 1‘nscr1'ptum
1405 1585 1564 1629 funesta·

884 1647 946 1679 que
954 1637 1052 1669 litera
1062 1637 1165 1670 ducta
1174 1642 1234 1670 est.
1254 1637 1459 1682 Intelligunt
1470 1651 1565 1673 non-

885 1687 973 1722 nulli
993 1687 1222 1733 Delphinium
1242 1689 1356 1734 Aiacis
1381 1690 1481 1733 (eine
1497 1694 1566 1726 Art

886 1741 1113 1784 Rataspem)
1129 1741 1227 1785 cujus
1237 1741 1361 1775 solium
1373 1743 1563 1778 candidum

886 1790 1014 1836 figuras
1037 1791 1095 1825 AJ
1119 1792 1267 1826 caeruleo
1290 1793 1407 1828 colore
1432 1795 1563 1838 resert;

888 1842 1007 1877 confer
1022 1843 1114 1878 XIII
1132 1843 1278 1878 Metam.
1296 1845 1371 1892 395.

932 1897 1006 1928 225.
1018 1896 1200 1929 Natus-sus
1211 1895 1433 1940 Thespiensis
1443 1922 1453 1939 ‚
1469 1897 1569 1941 juve-

888 1946 942 1981 nis
958 1946 1212 1991 pulcherrimus
1227 1974 1237 1990 ,
1263 1960 1333 1982 suae
1348 1948 1453 1992 ipsius
1468 1948 1567 1982 ima-

890 1998 995 2043 ginis,
1014 2010 1117 2043 quam
1134 1999 1171 2033 in
1192 1999 1289 2034 sonte
1309 2000 1461 2045 quodam
1479 2014 1568 2036 con-

890 2057 1045 2094 spexerat
1056 2077 1066 2094 ,
1092 2050 1215 2085 insano
1228 2064 1348 2085 amore
1365 2059 1544 2097 correptus
1556 2080 1567 2096 ,

893 2106 995 2158 atque
1011 2101 1219 2136 tabescendo
1234 2102 1270 2138 in
1288 2101 1412 2137 florem
1427 2103 1480 2138 sui
1493 2116 1569 2137 no-

894 2151 998 2185 minis
1014 2159 1167 2187 mutatus
1182 2154 1326 2194 est;111
1345 2155 1492 2189 Metam.
1503 2156 1570 2203 339

892 2215 967 2247 sqq.
985 2220 1030 2230 -·
1047 2205 1146 2238 Alter
1159 2211 1195 2238 et
1208 2207 1298 2239 alter
1314 2213 1458 2252 argute,
1477 2213 1516 2242 tu
1534 2213 1573 2241 et

895 2253 924 2287 is
946 2266 1052 2298 quem
1066 2254 1226 2298 amabas,
1245 2269 1320 2291 non
1331 2258 1434 2292 eratis
1445 2257 1574 2292 diversi

897 2306 1062 2352 juvenes,
1080 2307 1141 2341 sed
1153 2320 1243 2342 unus
1256 2309 1430 2355 idemque.
1440 2329 1485 2336 -—
1501 2311 1572 2345 Fa-

897 2358 978 2393 bula
993 2358 1036 2394 de
1051 2360 1176 2394 croco·
1166 2372 1292 2404 μινειιε
1303 2362 1339 2396 in
1350 2375 1493 2397 crocum
1508 2362 1572 2396 flo-

898 2424 975 2446 rem
1002 2418 1136 2446 mutato
1161 2412 1276 2447 minus
1299 2414 1470 2448 celebrata
1491 2421 1543 2448 est
1561 2427 1572 2456 3

900 2463 1079 2508 attingitur
1094 2463 1147 2497 IV
1162 2463 1307 2498 Metam.
1323 2465 1573 2508 283.—Am·s‚

899 2515 1035 2560 juvenis
1049 2514 1211 2561 phrygius
1222 2541 1233 2557 ‚
1250 2515 1293 2550 de
1309 2528 1379 2561 quo
1394 2529 1497 2562 supra
1506 2518 1575 2562 lv,

902 2566 975 2600 223.
992 2567 1025 2601 Is
1035 2593 1044 2610 ,
1058 2567 1090 2600 X
1101 2566 1247 2601 Metam.
1260 2569 1322 2612 ¹⁰4
1333 2593 1344 2611 ‚
1357 2581 1376 2602 a
1388 2567 1520 2615 Cybele
1537 2569 1576 2604 in

903 2619 1026 2664 pinum
1051 2618 1337 2663 transformatur,
1363 2619 1429 2655 hoc
1443 2620 1520 2655 loco
1537 2622 1577 2657 in.

904 2670 1027 2705 florem
1040 2696 1050 2714 ,
1061 2683 1187 2716 nempe
1196 2670 1324 2706 violam
1333 2686 1342 2713 ;
1350 2671 1428 2707 vide
1439 2672 1577 2708 Arnob.

906 2722 1036 2758 advers.
1049 2722 1180 2758 Gentes
1190 2749 1201 2767 ,
1217 2724 1265 2767 V,
1279 2737 1313 2769 p.
1329 2724 1400 2759 160.
1411 2725 1578 2759 Heinsius

907 2774 973 2820 legi
985 2774 1058 2809 vult
1068 2775 1197 2821 Altsn5
1213 2774 1309 2810 MSS
1322 2775 1463 2820 quidam
1476 2779 1579 2822 Atym
