1826 3054
691 242 1147 285 PROOEMIUM.
1608 245 1631 285 5

218 336 287 385 vel
309 334 364 384 ab
385 334 578 400 antiquis
608 334 822 382 Romanis
838 371 850 390 ,
874 333 942 382 vel
973 334 1027 382 ab
1055 335 1262 396 Augusto
1277 370 1289 390 ,
1322 335 1505 382 Tiberio
1528 336 1640 384 Ger-

219 418 478 482 manicoque
503 415 654 478 gestis.
691 415 777 463 His
801 415 991 463 Ovidius
1016 427 1174 481 praeter
1195 415 1496 463 necessitatem
1525 418 1642 464 side-

219 517 318 546 rum
336 496 577 559 multorum
600 497 814 559 originem
833 496 1016 544 addidit.
1052 496 1232 558 Insigne
1264 496 1400 559 igitur
1421 497 1508 544 hoc
1528 516 1640 563 opus

220 591 262 627 et
286 579 557 626 uberrimum
581 578 744 626 dixeris
767 598 791 626 a
818 597 964 626 rerum
986 578 1041 625 ad
1071 578 1422 641 cognoscendum
1456 578 1635 626 minime

220 660 498 709 illiberalium
515 660 654 727 copia.
675 662 727 707 In
746 660 844 707 istis
857 672 1002 707 autem
1015 659 1224 707 omnibus
1246 678 1338 707 non
1358 659 1515 707 licebat
1533 678 1644 725 poe-

222 755 301 799 tae,
325 762 421 808 quae
453 742 611 799 vellet,
646 741 840 804 fingere,
863 742 938 790 sed
971 760 1020 789 ea
1051 740 1144 804 lege
1177 741 1433 797 tenebatur,
1466 752 1517 788 ut
1549 759 1644 806 quae

220 835 370 872 notata
394 835 542 872 essent
563 824 619 871 ab
643 823 740 871 aliis
755 860 769 879 ,
801 835 877 870 aut
903 823 1084 879 tradita,
1107 841 1157 870 ea
1183 821 1372 870 fideliter
1398 834 1643 888 repeteret;

222 917 286 963 et,
313 906 352 953 si
385 906 644 953 traditiones
680 906 991 971 sententiaeque
1021 905 1138 952 inter
1165 924 1209 952 se
1244 904 1535 961 dissiderent,
1568 915 1646 952 aut

222 1007 313 1035 eam
334 1000 586 1054 excerperet
603 1025 615 1044 ‚
653 1007 749 1054 quae
773 988 860 1053 ipsi
881 987 1103 1035 videretur
1120 986 1317 1052 proxime
1337 987 1388 1033 ad
1408 1005 1556 1034 verum
1577 1005 1647 1034 ac-

223 1070 374 1118 cedere
387 1107 399 1127 ,
424 1082 500 1118 aut
516 1069 665 1136 plures
684 1069 839 1117 lectori
859 1069 1163 1135 dijudicandas
1180 1080 1467 1134 proponeret.
1497 1069 1645 1133 Atque

223 1151 341 1199 hunc
360 1170 536 1199 cursum
561 1170 641 1216 per
661 1162 806 1198 totum
824 1169 998 1198 carmen
1021 1150 1176 1216 tenuit.
1199 1151 1363 1197 Ortum
1381 1161 1425 1196 et
1440 1167 1643 1196 occasum

226 1232 416 1280 siderum
439 1244 616 1280 notasse
641 1232 816 1279 videtur
840 1251 863 1279 e
891 1231 1156 1279 Kalendario
1184 1230 1376 1296 quodam
1394 1267 1407 1284 .
1443 1230 1645 1277 adhibito

225 1314 354 1361 etiam
369 1313 628 1361 Astronomi
645 1313 871 1377 cujusdam
893 1313 1032 1360 Graeci
1055 1312 1198 1363 libro:
1220 1311 1434 1373 originem
1454 1311 1644 1358 siderum

224 1395 372 1442 hausit
394 1414 447 1442 ex
474 1393 744 1460 mythologis
761 1431 774 1451 ,
810 1414 924 1460 quos
943 1395 990 1441 in
1013 1393 1445 1458 Metamorphosesin
1470 1404 1647 1440 secutus

225 1487 317 1524 erat
336 1495 346 1532 ;
377 1474 547 1541 reliqua
564 1475 692 1541 petiit
708 1495 799 1523 non
819 1495 871 1524 ex
896 1475 1149 1523 Annalibus
1167 1487 1238 1522 tan
1246 1487 1338 1522 tum
1356 1511 1369 1530 ,
1398 1492 1648 1539 quanquam

228 1575 304 1604 eos
333 1555 453 1604 solos
482 1556 554 1604 bis
584 1557 812 1612 nominat,
850 1556 924 1604 sed
949 1576 972 1604 e
999 1556 1203 1622 plurimis
1237 1555 1328 1603 illis
1355 1555 1650 1602 monumentis

225 1637 467 1703 librisque,
504 1637 670 1703 quibus
695 1657 766 1685 res
787 1639 1091 1685 Romanorum
1120 1649 1328 1700 enarratae
1357 1649 1488 1702 atque
1520 1636 1650 1683 illus-

226 1730 346 1766 tratae
371 1730 507 1766 erant.
528 1718 666 1766 Multi
683 1719 823 1775 enim,
844 1719 889 1765 in
915 1719 1079 1784 quibus
1098 1720 1238 1766 Varro
1263 1737 1354 1783 prae
1372 1718 1538 1765 caeteris
1556 1735 1649 1764 me-

226 1799 483 1858 morabilis,
523 1800 570 1847 in
599 1800 765 1847 rituum
788 1801 1094 1848 Romanorum
1121 1799 1315 1860 origines
1334 1797 1567 1859 diligenter
1584 1798 1655 1845 in-

229 1882 527 1946 quisiverant;
562 1881 681 1929 unde
708 1893 752 1945 et
781 1882 921 1929 serius
953 1881 1218 1929 Plutarchus
1265 1879 1521 1944 Quoesttbnes
1551 1897 1653 1926 suas

229 1964 467 2020 Romanas,
494 1975 572 2011 aut
589 1966 832 2026 Κεφαλαὶων
852 1970 1118 2030 καταγραφήν
1143 1962 1388 2030 excerpsit,
1407 1962 1586 2027 -quibus
1609 1974 1655 2010 ct

229 2049 339 2114 ipsis
357 2049 404 2095 in
420 2047 604 2096 Romuli
619 2049 723 2096 Vita
738 2067 900 2096 nomen
918 2050 1069 2094 Αἰτὶων
1083 2040 1324 2111 Ῥωμαϊκῶν
1343 2046 1512 2094 tribuit.
1529 2046 1656 2109 Quin

231 2131 370 2177 Butas
403 2128 583 2194 quidam
614 2130 799 2178 carmine
823 2129 1014 2191 elegiaco
1043 2140 1086 2175 et
1113 2128 1208 2193 ipse
1232 2128 1318 2175 hoc
1346 2139 1653 2189 argumentum

235 2214 434 2262 tractavit
453 2250 465 2269 ,
490 2212 734 2277 cecinitque
764 2214 908 2266 Αἱτὶας
927 2208 1124 2274 μυθώδεις
1142 2213 1329 2274 περὶτῶν
1346 2206 1603 2273 Ῥωμαϊκῶν,
1632 2227 1654 2256 e

236 2295 401 2361 quibus
434 2294 724 2350 Plutarchus,
746 2292 793 2339 in
827 2294 960 2340 Rom.
992 2309 1054 2339 20
1073 2330 1085 2348 ,
1119 2292 1343 2339 distichon
1370 2290 1531 2339 laudat.
1568 2290 1655 2338 Sed

234 2395 327 2424 non
346 2387 520 2424 constat
532 2412 544 2432 ,
570 2393 659 2440 quo
678 2386 875 2439 tempore
898 2373 1037 2420 Butas
1056 2372 1131 2420 ille
1150 2373 1320 2421 vixerit.

302 2459 471 2505 Rerum
491 2475 629 2522 porro
653 2456 836 2503 istarum
853 2472 1054 2502 acervum
1072 2453 1133 2500 ita
1154 2453 1356 2501 tractavit
1373 2452 1561 2500 Ovidius
1575 2490 1587 2509 ,
1609 2464 1660 2500 ut

239 2539 456 2600 insignem
474 2537 595 2586 illam
607 2537 773 2599 ingenii
790 2536 878 2583 vim
892 2573 905 2592 ,
923 2534 1147 2597 egregium
1165 2533 1279 2581 illud
1291 2533 1460 2596 ingenii
1475 2533 1659 2591 flumen,

243 2621 364 2686 quod
380 2639 459 2686 per
477 2631 620 2668 totum
640 2618 1063 2683 Metamorphoseon
1082 2634 1196 2681 opus
1216 2615 1498 2681 spectandum
1521 2626 1566 2663 et
1582 2616 1661 2663 ad-

243 2703 492 2752 mirandum
522 2702 787 2769 proposuit,
810 2700 1016 2766 plurimis
1038 2699 1147 2747 locis
1176 2698 1407 2748 desideres.
1445 2696 1662 2745 Mirificus
