1826 3054
434 203 843 248 FASTORUM
876 204 1009 247 ΜΒ.
1044 205 1113 247 11.
1409 209 1486 267 157

142 299 348 363 Marsque
369 315 474 345 suos
491 296 654 361 junctis
677 296 881 345 curribus
904 308 1034 359 urget
1058 314 1207 362 equos.

78 379 144 425 Ex
166 396 267 425 vero
288 376 483 443 positum
506 375 744 441 permansit
765 375 949 441 Equiria
968 394 1152 434 nomen,

143 452 254 515 Quae
275 452 399 499 Deus
421 450 465 498 in
488 469 640 516 campo
662 451 878 516 prospicit
900 451 994 517 ipse
1018 461 1112 499 suo.
1421 469 1487 504 860

77 529 103 574 J
109 546 183 575 ure
206 527 326 574 venis
342 563 354 583 ‚
382 525 594 584 Gradive3
619 525 767 574 locum
791 537 866 574 tua
889 538 1086 593 tempora
1108 540 1328 594 poscunt:

146 603 440 668 signatusque
465 614 541 650 tuo
565 602 746 651 nomine
766 602 929 651 mensis
953 603 1086 651 adest.

78 682 288 728 Venimus
308 681 354 728 in
377 692 578 746 portum,
602 679 719 728 libro
743 700 843 729 cum
864 700 1013 730 mense
1035 695 1233 749 peracto:

141 756 328 819 Naviget
348 756 454 804 hinc
478 755 561 805 alia
580 756 670 822 jain
689 756 802 805 mihi
824 757 957 807 linter
979 777 1104 824 aqua.

82 894 98 907 υ
116 878 175 924 qui
191 878 226 912 in
244 891 365 924 campo
386 879 517 914 Martio
536 879 753 915 exerceban—

83 946 99 959 n
116 937 183 964 tur.
197 944 214 959 »
231 949 275 955 -
290 930 362 965 Pro
378 943 458 965 suos
462 931 597 975 junctis
612 931 753 966 Pembr.

81 987 158 1017 cilis
177 984 316 1026 junctos
336 1011 344 1024 ,
380 984 473 1029 quod
498 998 572 1020 non
601 984 755 1031 displicet

82 1035 280 1069 'saubnerm
300 1035 372 1070 Sed
388 1036 637 1071 Mitscherlich.
659 1037 755 1072 dedit

81 1090 166 1121 citos
172 1088 314 1131 junctis.
327 1088 415 1122 Tres
425 1088 522 1123 MSS
530 1088 659 1123 habent
669 1093 757 1124 citus

75 1141 217 1182 junctis.
235 1141 309 1175 Nec.
324 1141 412 1175 male
433 1144 497 1175 citi
506 1141 561 1176 vel
578 1141 682 1187 equi,
702 1141 755 1176 ve]

817 893 941 917 currus
955 880 1011 916 hie
1026 883 1392 917 memorantur.—Eae
1399 897 1476 918 vero
1485 911 1492 922 ,

818 945 860 967 ex
877 946 914 968 re
927 933 1054 979 ipsa.—
1062 935 1135 968 Tua
1149 941 1312 978 tempora,
1332 936 1460 970 mensis
1477 949 1496 969 a

814 992 854 1024 ,te
870 985 991 1020 dictus.
1003 1004 1047 1012 —
1057 987 1182 1019 locum
1194 993 1354 1030 poscunt,
1372 986 1495 1020 volunt

818 1039 891 1084 jam
910 1052 929 1073 a
948 1051 1005 1073 me
1021 1039 1098 1074 cani
1110 1065 1120 1083 ,
1147 1047 1264 1074 exacto
1285 1052 1405 1075 mense
1424 1040 1495 1074 Fe-

818 1089 971 1125 bruario.
993 1091 1074 1125 Non
1094 1091 1184 1126 bene
1201 1092 1365 1127 Heinsius
1383 1099 1440 1127 tua
1456 1092 1493 1125 in

820 1154 884 1175 sua
897 1143 1026 1177 mutari
1045 1143 1188 1178 volebat.
