1826 3054
245 180 332 238 348

609 187 661 232 P.
705 189 950 236 OVIDII
986 192 1299 240 NASONIS

308 278 536 329 Postumio
560 283 711 334 Laenas
732 286 975 352 persolvere
999 289 1121 337 mihi.

1601 308 1665 343 330

246 356 453 420 Quaerere
475 359 691 419 conabar,
716 372 856 430 quare
871 363 1041 414 lascivia
1066 366 1204 431 major

309 434 393 483 Eis
416 435 531 485 soret
554 438 599 486 in
623 437 767 499 ludis,
790 441 1060 509 liberiorque
1077 444 1231 508 jocus:

244 509 331 560 Sed
355 512 464 561 mihi
487 517 722 575 succurrit,
747 537 908 568 numen
929 539 1019 569 non
1039 539 1130 570 esse
1151 540 1347 572 severum
1360 561 1373 582 ‚

307 589 515 656 Aptaque
539 590 705 641 deliciis
727 612 906 643 munera
928 595 1039 644 ferre
1061 595 1198 645 dmm.

241 664 459 732 Tempora
485 666 693 718 sutilibus
713 669 948 733 cinguntur
971 682 1061 720 tota
1085 673 1289 722 coronis:

242 783 261 799 ιο
276 768 372 812 diva,
394 770 455 805 tui.
474 785 491 801 »ο
503 789 548 798 -
561 773 722 808 Consules
737 773 775 808 L.
794 775 918 810 Postu·-

239 827 327 858 me'us
342 823 490 860 Albinus
505 832 541 861 et
558 826 610 861 Μ.
627 827 781 874 Popilius
796 824 919 864 bna}

241 886 335 909 auno
348 888 380 910 u.
393 889 422 910 c.
439 878 523 921 580,
537 877 762 916 instituerunt
780 888 817 916 ut
835 894 917 927 quo-

240 926 355 962 tannis
382 926 454 963 ludi
480 928 633 966 Florales
657 931 916 969 exhiberentur.

242 978 383 1014 Primus
393 987 510 1016 autem
520 981 674 1019 exhibuit
683 982 726 1019 C.
735 984 915 1030 Servilius,

243 1030 349 1066 editis
363 1032 471 1078 plebis
487 1059 497 1078 ,
515 1034 609 1080 quod
626 1048 792 1072 nummus
809 1044 915 1073 testa-

239 1089 320 1124 tur;
343 1084 421 1120 vide
441 1085 697 1132 spanhemium
722 1088 764 1124 ad
786 1102 833 1125 vs.
852 1093 915 1137 ²7⁵

237 1135 428 1173 laudatum.
450 1158 495 1166 —
514 1142 749 1178 Persolvuatar
775 1145 916 1190 proprie

240 1196 338 1233 vota,
357 1190 439 1227 hinc
454 1192 559 1228 etiam
576 1207 630 1230 res
643 1221 652 1238 ,
672 1208 748 1241 quae
766 1196 856 1232 liunt
873 1210 915 1233 ex

238 1248 320 1276 voto
333 1268 342 1286 ‚
360 1250 420 1279 aut
436 1244 678 1282 instituuntur.

282 1295 462 1339 331-354.
488 1297 596 1334 Unde
621 1301 766 1335 lascaebia
791 1300 918 1336 inillis

239 1343 353 1380 ludis?
366 1345 645 1385 Celebrabantur
661 1351 708 1386 illi
722 1365 803 1387 cum
818 1354 917 1388 omni

238 1397 469 1435 obscaenitate.
486 1400 576 1436 Nam
590 1409 717 1447 preter
726 1403 916 1439 verborum

237 1448 414 1486 licentiam
433 1478 443 1496 ,
471 1465 560 1488 sono
592 1455 685 1491 tube
715 1458 916 1493 meretrices

238 1502 547 1551 producebantur,
574 1520 651 1553 quie
677 1509 817 1546 nudatis
842 1524 916 1557 pu-

237 1555 363 1593 dendis
371 1558 620 1604 discurrerent,
630 1561 814 1606 saltarent,
826 1563 917 1598 lasci-

236 1621 366 1655 vosque
377 1618 494 1647 motus
504 1611 628 1648 darent
639 1628 648 1655 ;
661 1621 696 1649 et
706 1622 917 1661 spectatores

237 1660 273 1696 in
293 1661 427 1699 theatra
441 1664 628 1701 veniebant
639 1679 659 1701 e
670 1666 893 1713 lupanaribus
906 1683 915 1710 ς

238 1713 458 1760 Lactantius,
477 1716 562 1753 lust.
582 1718 620 1762 1,
638 1729 705 1761 xx,
723 1719 767 1762 63
791 1720 916 1755 Arno-

236 1764 314 1801 bius
328 1766 492 1804 adversus
506 1768 661 1814 Gentes,
680 1770 759 1814 111,
777 1784 809 1817 p.
830 1772 914 1814 113:

239 1818 311 1853 Vll
326 1844 335 1862 ,
359 1832 392 1865 p.
418 1820 503 1861 2383
527 1820 644 1858 schot.
668 1823 851 1859 Juvenalis
871 1824 915 1859 ad

241 1872 319 1915 Vl,
344 1875 419 1920 ²⁴9·
445 1874 665 1921 Aliquando,
691 1889 802 1922 quum
824 1876 916 1912 Cato

236 1923 300 1959 illis
314 1924 403 1962 ludis
413 1927 595 1964 interesset
605 1956 616 1973 ,
633 1930 782 1976 populus
794 1937 833 1965 ut
845 1931 917 1966 mi-

235 1989 303 2012 ma
323 1978 544 2016 nudarentur
566 1982 740 2028 postulare
763 1983 915 2019 erubuit.

239 2029 331 2066 Cato
350 2032 457 2078 igitur
473 2032 624 2070 discessit
642 2048 662 2070 e
684 2034 842 2079 theatro,
868 2049 913 2072 ne

237 2084 420 2129 presentia
440 2098 502 2120 sua
521 2086 707 2131 spectaculi
724 2095 915 2124 consuetu·

237 2137 359 2174 dinem
373 2138 560 2186 impediret
574 2152 582 2175 z
599 2153 705 2186 quem
725 2141 913 2178 abeuntem

236 2190 372 2237 ingenti
388 2191 509 2239 plausu
524 2193 672 2239 populus
687 2202 909 2240 prosecutus,

238 2242 391 2288 priscum
401 2255 540 2279 morem
555 2245 713 2289 jocorum
725 2246 761 2280 in
773 2259 912 2282 scenam

237 2295 434 2337 revocavit;
454 2296 617 2333 Valerius
638 2298 835 2340 Maximus,
858 2299 913 2343 ll,

242 2360 292 2383 ιο.
308 2348 434 2385 Postea
453 2349 508 2385 ille
528 2349 655 2385 librum
676 2350 719 2386 de
741 2363 779 2386 re
798 2350 914 2386 Floria

236 2400 390 2447 scripsit,
416 2401 476 2448 qui
493 2414 512 2437 a
526 2401 661 2445 Gellio,
687 2403 787 2438 Noct.
808 2403 913 2439 Λαὶς.

239 2452 290 2488 IX
301 2479 311 2497 ,
326 2467 337 2488 ι
346 2467 364 2488 a
373 2480 383 2499 ,
395 2452 565 2490 laudatur.
573 2454 815 2491 obscenitatis
825 2454 914 2490 illius

237 2507 496 2542 rausammulti
515 2514 680 2553 repetunt
697 2506 801 2551 inde,
819 2507 912 2553 quod

241 2556 343 2592 Flora
365 2557 447 2593 olim
470 2559 634 2595 meretrix
656 2559 784 2603 suerit,
807 2566 845 2595 ut
869 2559 912 2595 ad

238 2621 326 2645 vers.
347 2614 407 2656 iqS
423 2611 582 2648 vidimus.
600 2612 671 2648 Sed
689 2612 838 2648 Ovidius
854 2611 913 2647 le-

239 2662 317 2698 nius
331 2660 375 2698 de
391 2676 431 2699 ea
450 2678 487 2699 re
504 2665 652 2709 iudicat:
672 2673 723 2701 est
739 2665 804 2701 dea
818 2667 913 2701 dele·-

238 2719 318 2758 ce‘e's,
346 2715 381 2753 id
405 2723 482 2762 est,
508 2717 675 2763 voluptati
699 2718 911 2759 inserviens.

1598 691 1663 726 335

984 775 1129 821 vultque
1147 790 1210 812 sua
1233 789 1328 813 sacra
1354 784 1389 813 et
1416 778 1507 824 plebi
1532 787 1661 825 patere.

1042 829 1117 864 335.
1144 829 1225 865 Non
1246 843 1286 865 ea
1306 830 1376 874 jam
1394 840 1554 868 recenset
1585 846 1662 878 quie

985 879 1177 916 Floralibus
1186 880 1273 917 sacta
1284 882 1371 924 sint,
1382 882 1442 917 sed
1455 884 1594 919 Floram
1605 885 1662 919 de-

982 931 1067 967 liciis
1084 945 1231 968 munera
1247 933 1339 969 serre
1362 934 1483 980 quovis
1505 943 1662 982 tempore

983 983 1085 1019 docet
1097 999 1106 1025 ;
1122 998 1251 1020 corone
1260 987 1355 1022 enim
1366 1013 1375 1030 ,
1389 987 1515 1033 quibus
1529 988 1584 1023 illa
1597 988 1663 1023 sso-

983 1048 1037 1070 res
1054 1035 1251 1080 ministrat,
1272 1050 1343 1073 non
1360 1052 1379 1073 a
1395 1039 1547 1075 tristibus
1561 1047 1596 1075 et
1606 1054 1662 1074 se·

982 1087 1072 1122 veris
1083 1114 1094 1131 ,
1108 1087 1170 1123 sed
1181 1101 1200 1123 a
1213 1089 1297 1124 tatis
1313 1096 1348 1125 et
1364 1090 1531 1137 voluptati
1544 1090 1663 1126 indul-

979 1140 1142 1185 gentibus
1153 1150 1355 1178 sumuntur.
1372 1144 1495 1179 &tiles
1509 1157 1636 1179 corone
1649 1171 1658 1185 ,

981 1190 1018 1225 in
1033 1192 1157 1237 quibus
1174 1206 1270 1228 mera
1290 1193 1371 1229 solia
1393 1207 1551 1230 rosarum
1573 1208 1662 1231 con·

981 1250 1078 1287 suta,
1102 1257 1212 1289 quum
1234 1248 1380 1290 pacmes
1409 1246 1452 1282 de
1479 1246 1660 1293 multiplici

983 1294 1070 1330 flore
1089 1303 1312 1340 texerentur;
1332 1298 1485 1342 Plinius,
1503 1299 1609 1343 xxt,
1622 1300 1658 1334 8:

983 1363 1000 1377 σι
1019 1348 1167 1383 Summa
1182 1350 1365 1387 auctoritas
1380 1351 1494 1397 pactili
1509 1364 1658 1387 corone.

983 1413 1001 1429 ι·
1019 1399 1148 1436 Sutiles
1163 1400 1338 1436 Saliorum
1354 1403 1389 1436 in
1403 1402 1505 1437 sacris
1522 1403 1661 1438 inveni-

984 1465 1003 1481 »
1019 1464 1098 1487 mus
1110 1478 1120 1495 ,
1136 1460 1171 1488 et
1180 1453 1394 1489 solemnibus
1406 1455 1523 1490 coenb.
1533 1455 1661 1490 'fraus-

984 1517 1001 1533 υ
1019 1504 1089 1539 iere
1105 1503 1232 1540 deinde
1247 1505 1289 1540 ad
1306 1506 1433 1541 rosaria
1450 1519 1458 1540 :
1476 1519 1589 1552 eoque
1605 1506 1661 1541 lu-

984 1570 1002 1587 »
1018 1557 1115 1591 xuria
1132 1558 1295 1603 processit
1307 1585 1317 1600 ,
1335 1565 1373 1593 ut
1388 1572 1461 1594 non
1478 1566 1566 1594 esset
1581 1572 1660 1605 gra—

984 1622 1002 1639 »
1022 1609 1086 1653 tia,
1099 1609 1164 1645 nisi
1176 1622 1276 1645 mero
1285 1610 1368 1645 sotio
1385 1623 1393 1644 τ
1411 1611 1568 1647 sutilibus
1581 1624 1659 1646 mox

985 1675 1003 1690 ν
1019 1661 1135 1706 petitis
1145 1661 1188 1697 ab
1202 1662 1320 1706 lndia,
1337 1670 1396 1698 aut
1411 1663 1502 1698 ultra
1515 1663 1631 1699 lndos.
1644 1680 1659 1692 n

983 1712 1085 1748 Rosis
1112 1727 1170 1749 eas
1194 1722 1356 1750 consutas
1385 1728 1457 1750 esse
1475 1741 1485 1758 ‚
1508 1717 1613 1749 etiam
1640 1729 1659 1750 e

981 1765 1161 1809 Martiali,
1182 1768 1236 1810 V,
1261 1767 1416 1810 6531x,
1435 1780 1503 1814 91,
1518 1770 1561 1814 94
1575 1794 1586 1809 ,
1602 1767 1658 1801 di-

979 1817 1108 1853 scimus
1117 1844 1127 1862 ,
1139 1818 1197 1853 ubi
1206 1826 1353 1864 tes-pom
1360 1824 1447 1854 rosis
1457 1822 1613 1854 sutilibus
1625 1826 1661 1854 et

979 1872 1093 1905 sute'laeir
1114 1883 1194 1906 rosa
1216 1871 1391 1917 leguntur.
1415 1871 1573 1916 Quidam
1594 1870 1658 1906 boc

980 1921 1058 1958 loco
1067 1926 1235 1959 tortam-s
1245 1950 1254 1964 ,
1271 1926 1440 1959 nexilibus
1451 1925 1656 1959 ete—Tum

979 1974 1078 2009 valde
1103 1975 1234 2011 arridet
1255 1976 1392 2011 lieinsii
1414 1976 1561 2021 conjeci.
1586 1984 1659 2011 loen

980 2027 1116 2071 inputa,
1133 2027 1167 2062 id
1179 2035 1248 2071 est,
1259 2028 1373 2069 ebria,
1387 2029 1554 2063 mutantis
1565 2043 1574 2069 ;
1584 2041 1657 2063 om-

980 2082 1017 2115 ni
1033 2081 1128 2115 enim
1146 2080 1303 2117 hocloco
1317 2080 1352 2116 id
1367 2089 1533 2127 urgetur,
1554 2094 1657 2117 eoro—

980 2147 1042 2169 nas
1054 2135 1221 2170 inservire
1238 2147 1311 2169 non
1328 2135 1393 2170 nisi
1407 2136 1465 2177 iis,
1481 2135 1541 2180 qui
1552 2135 1655 2179 genio

980 2186 1206 2231 indulgeant,
1224 2189 1416 2226 autebn'is:
1434 2185 1520 2221 nibil
1533 2193 1655 2221 contra

979 2239 1022 2274 ad
1036 2252 1112 2275 rem
1122 2240 1274 2286 pertinet
1282 2266 1292 2283 ,
1302 2246 1374 2274 eota
1384 2246 1541 2285 tempora
1551 2238 1653 2283 cingi.

977 2293 1214 2329 -Taubnero
1226 2304 1298 2327 non
1310 2291 1464 2338 displicet
1475 2296 1658 2336 μ’,ῃιηιν

977 2358 997 2379 e
1014 2345 1115 2381 codd.
1129 2345 1247 2381 multis
1256 2351 1359 2391 atque
1371 2343 1607 2391 eddflryphii
1620 2351 1654 2379 et

980 2397 1151 2443 Neapolis.
1172 2397 1211 2432 ld
1231 2396 1391 2432 illustrari
1414 2396 1516 2442 possit
1538 2411 1557 2431 e
1581 2397 1654 2431 Ne-

978 2449 1124 2484 mesiani
1150 2448 1265 2495 Eclog.
1293 2448 1330 2491 l,
1350 2461 1391 2482 ao
1409 2461 1417 2482 2
1438 2464 1454 2477 ·=
1475 2448 1532 2483 dat
1550 2449 1653 2494 pictas

980 2516 998 2533 υ
1010 2502 1111 2538 Flora
1122 2513 1277 2538 coronas
1292 2516 1308 2531 ι·
1322 2501 1425 2536 Pictis
1435 2501 1653 2545 coronispe'ae·

972 2561 1099 2600 'aaut
1109 2554 1214 2590 etiam
1229 2560 1387 2599 tempora
1399 2568 1407 2592 ς
1427 2558 1521 2598 clap*
1532 2561 1650 2589 tamen

976 2608 1133 2645 solemne
1147 2607 1182 2644 in
1196 2607 1257 2643 liar.
1269 2620 1317 2642 re.
1331 2625 1374 2633 —
1388 2606 1509 2642 Codex
1522 2607 1652 2652 Regius

979 2663 1009 2699 B
1021 2663 1123 2699 babet
1138 2663 1295 2707 Tempora
1304 2663 1469 2697 eodilahs
1473 2665 1657 2706 pin5nulaer

975 2721 1050 2752 tota
1067 2718 1222 2757 cuv-135
1242 2713 1314 2750 duo
1331 2715 1386 2750 alii
1404 2717 1561 2751 sutilibus
1578 2718 1652 2750 cin-
