1826 3054
644 253 1084 298 PROOEMIUM.
1541 272 1570 315 9

161 361 304 398 cratos
320 346 599 405 absolvisset,
623 366 660 395 a.
677 348 732 394 U.
754 345 868 413 762,
889 347 1028 395 aetatis
1049 345 1133 404 52,
1155 347 1296 413 patria
1310 346 1465 412 pulsus
1484 359 1570 405 est;

161 432 295 479 Trist.
318 431 359 477 II
380 467 391 487 ,
431 427 657 494 532-549.
686 428 773 477 Sed
794 429 841 476 in
862 428 1017 478 exsilio
1040 447 1117 477 eos
1137 429 1418 491 recognovit,
1444 441 1574 494 atque

163 511 372 578 nonnulla
393 550 404 570 ‚
438 518 538 578 ‘quae
570 512 709 560 serius
739 523 859 573 gesta
892 523 1043 569 erant,
1076 512 1291 569 inseruit;
1320 531 1423 559 nam
1449 523 1492 559 et
1523 511 1575 558 de

163 595 313 644 exsilio
336 614 417 643 suo
451 595 650 661 queritur
667 632 679 652 ,
716 606 761 642 et
801 594 1048 643 Germanici
1082 595 1134 643 de
1170 594 1405 643 Cheruscis
1445 605 1575 659 atque

164 678 305 725 Cattis
340 676 611 743 triumphum
631 713 643 735 ,
682 675 827 741 quiin
848 695 885 723 a.
914 677 970 723 U.
1012 693 1104 741 770
1133 675 1314 734 incidit,
1348 686 1571 723 memorat.

165 760 294 825 Opus
317 758 378 806 sic
406 770 606 815 auctum,
627 769 778 823 atque,
803 775 939 823 quum
961 757 1190 820 Augustus
1211 758 1372 805 interea
1392 757 1577 804 exstinc-

165 853 237 888 tus
261 852 400 899 esset,
426 841 586 889 Caesari
608 840 866 888 Germanico
891 839 1138 887 dedicatum
1152 876 1164 897 ,
1187 839 1340 888 eodem
1362 837 1440 886 illo
1458 838 1578 886 haud

166 923 299 971 dubie
322 942 438 971 anno
463 922 668 985 vulgavit.
695 920 834 969 Paulo
858 932 963 988 post
983 921 1077 988 ipse
1098 932 1299 969 mortuus
1321 931 1411 977 est,
1436 938 1578 986 neque

166 1005 273 1053 adeo
296 1004 491 1071 reliquos
516 1022 690 1052 menses
706 1041 719 1061 ,
757 1022 871 1069 quos
891 1021 935 1051 se
956 1015 1000 1051 et
1020 1003 1142 1070 ipsos
1164 1013 1437 1051 cantaturum
1455 1021 1548 1050 esse
1563 1039 1574 1058 ‚

165 1088 209 1133 ll
229 1124 240 1143 ,
267 1086 346 1151 57,
369 1086 657 1152 promiserat,
683 1084 840 1132 addere
860 1084 1021 1150 potuit.
1060 1084 1162 1132 Vid.
1187 1086 1383 1133 Masson.
1408 1084 1454 1131 in
1475 1083 1579 1131 Vita

170 1168 345 1223 Ovidii,
380 1167 434 1214 ad
453 1187 489 1215 a.
510 1168 567 1214 U.
593 1165 711 1231 759,
738 1165 856 1231 762,
890 1182 994 1231 770.
