1826 3054
233 259 323 317 454
752 258 1136 306 Excunsus

231 354 383 403 eodem
418 353 596 404 nomine
630 352 893 422 plerumque
926 353 1162 422 complecti
1198 353 1428 412 solebant,
1465 372 1664 405 commu-

232 437 377 488 tandis
391 437 555 487 multos
576 437 730 487 turbas
747 436 901 487 secisse
915 475 927 496 ‚
947 449 993 487 et
1013 437 1068 487 ad
1087 448 1235 487 utrum
1254 456 1394 501 genus
1416 438 1666 505 pertineant

231 521 404 587 singula
434 521 558 580 loca,
582 540 674 571 non
696 522 780 570 rite
803 520 1060 571 discrevisse
1081 522 1295 589 reperiam
1323 532 1351 570 ¹.
1385 523 1550 571 Verum
1578 523 1666 587 jam

230 605 343 655 vidit
372 605 568 654 Siccama
596 604 759 672 aliique
784 604 806 669 (
831 603 990 653 Graevii
1012 604 1224 653 Thesaur.
1252 616 1356 653 tom.
1385 606 1493 652 vul
1512 606 1532 669 )
1551 643 1562 658 ,
1590 605 1666 671 qui

232 687 418 738 alterum
440 707 580 751 genus
602 687 741 736 fastos
764 687 982 745 minores,
1008 686 1287 736 kalendarios
1308 685 1373 735 vel
1400 686 1642 735 kalendaria
1656 725 1667 743 ‚

234 770 420 820 aiterum
440 770 579 819 fastos
596 770 782 835 majores
803 769 1024 828 vocando,
1049 787 1241 818 errorem
1265 769 1488 817 vitandum
1510 769 1668 817 docue-

232 864 363 910 runt,
395 852 477 901 etsi
507 852 596 901 hoc
625 851 756 900 etiam
776 851 1046 900 monendum
1069 863 1161 910 est,
1186 850 1242 900 ab
1265 862 1377 917 optt.
1403 852 1669 918 scriptorum

234 954 345 993 usu,
365 934 445 983 ubi
462 953 543 982 nec
564 933 667 983 fasti
686 933 938 984 kalendares
951 953 1030 999 nec
1051 933 1300 985 kalendaria
1319 932 1539 995 leguntur,
1558 934 1672 982 hanc

236 1015 601 1084 appellationem,
628 1036 715 1084 qua
740 1028 887 1066 tamen
919 1029 963 1066 et
991 1036 1076 1066 nos
1105 1016 1160 1066 ad
1193 1015 1347 1065 turbas
1379 1016 1577 1064 vitandas
1609 1017 1674 1063 uti

232 1099 521 1166 debebimus,
547 1099 800 1150 abhorrere.
813 1100 950 1168 Apud
971 1111 1082 1168 optt.
1104 1099 1342 1167 scriptores
1357 1098 1581 1148 Fastorum
1602 1117 1676 1145 no-

237 1203 337 1232 men
358 1183 403 1232 in
423 1196 614 1251 utroque
632 1203 790 1248 genere
812 1183 1086 1241 adhibitum,
1111 1195 1261 1233 utrum
1281 1202 1419 1247 genus
1436 1182 1675 1238 indicetur,

237 1266 460 1316 interdum
482 1266 726 1334 dijudicatu
747 1266 928 1317 difficile
951 1266 1110 1317 reddit.

490 1417 528 1447 1.
565 1399 697 1449 Fasti
712 1400 822 1448 sacri
841 1402 862 1462 (
882 1398 1145 1456 kalendares,
1173 1398 1415 1448 kalendaria
1426 1398 1461 1462 ).

304 1525 441 1575 Initio
459 1525 528 1575 hae
546 1524 727 1584 tabulae‚
746 1524 865 1574 unde
883 1536 928 1574 et
944 1542 1106 1574 nomeu
1127 1524 1409 1581 invenerunt,
1429 1521 1540 1571 nihil
1558 1521 1678 1570 aliud

243 1608 364 1658 fuere
386 1627 436 1657 ac
459 1607 656 1667 dierum,
683 1607 851 1675 quibus
872 1607 955 1657 sari
980 1606 1057 1672 (id
1084 1618 1177 1664 est,
1205 1607 1279 1672 jus
1303 1606 1477 1667 dicere)
1504 1604 1679 1661 liceret,

243 1710 324 1741 uec
344 1710 426 1750 ne,
457 1709 538 1758 per
560 1702 704 1740 totum
727 1709 892 1740 annum
923 1689 1176 1739 notationes
1195 1726 1207 1746 ‚
1241 1688 1300 1739 ita
1334 1699 1386 1737 ut
1412 1686 1551 1737 cuivis
1578 1686 1683 1735 anni

243 1773 357 1831 diei,
378 1773 470 1822 sive
487 1773 648 1831 fastus,
675 1773 771 1830 sive.
783 1772 982 1822 nefastus
996 1809 1010 1831 ‚
1033 1773 1123 1822 sive
1146 1771 1380 1821 intercisus
1398 1781 1530 1825 esset,
1554 1769 1686 1819 certis

245 1853 384 1918 signis
407 1852 485 1918 (F.
509 1854 567 1901 N.
587 1863 630 1902 et
648 1852 735 1917 Ε.)
754 1852 783 1911 i.
809 1869 846 1900 e.
872 1851 1174 1901 endotercisus
1197 1856 1215 1875 ²
1237 1849 1510 1917 adscriptum
1523 1860 1637 1898 esset
1652 1846 1686 1896 ³.

245 1936 512 1986 Efficiebant
541 1935 602 1984 ita
630 1947 799 2002 partem
825 1934 938 2000 juris
960 1933 1127 1991 civilis,
1160 1953 1283 2001 aeque
1309 1952 1360 1982 ac
1385 1932 1686 1982 commentarii

246 2017 507 2087 pontificum
523 2054 537 2075 ,
572 2028 616 2066 et
645 2027 825 2066 senatus
851 2015 1196 2083 pontificesque,
1222 2029 1274 2066 ut
1296 2015 1341 2064 in
1365 2015 1447 2065 hac
1476 2033 1523 2064 re
1546 2015 1688 2077 magis

247 2120 330 2168 pro
354 2100 539 2149 arbitrio
561 2117 687 2163 agere
705 2110 909 2166 possent,
928 2118 953 2148 a
971 2098 1130 2166 populi
1152 2110 1393 2166 conspectu
1415 2098 1496 2147 has
1512 2097 1688 2147 tabulas

249 2183 485 2249 diligenter
501 2202 646 2233 arcere
664 2182 784 2233 soliti
803 2194 928 2232 erant
945 2181 983 2241 ⁴3
1005 2182 1144 2231 donec
1164 2202 1335 2233 summa
1356 2201 1456 2232 cum
1476 2180 1686 2231 senatorii

296 2320 308 2340 ¹
333 2316 470 2355 Omnia
493 2316 645 2352 turbavit
667 2329 699 2349 v.
716 2330 744 2351 c.
766 2315 880 2350 Adam
899 2314 935 2350 in

253 2370 400 2415 Antiqu.
419 2370 523 2406 Rom.
539 2381 558 2404 e
575 2382 662 2404 vers.
679 2367 820 2415 Meyeri
831 2393 841 2411 ,
860 2374 883 2403 ι.
896 2368 911 2403 l
925 2393 935 2411 ,

250 2437 284 2470 p.
306 2423 390 2467 526.
411 2423 469 2469 qui
488 2422 594 2458 fastos
615 2421 797 2457 historicos
814 2427 850 2456 et
867 2420 938 2456 ka-

251 2474 414 2511 tendam
430 2482 466 2510 et
481 2486 618 2510 summa
636 2474 714 2509 imis
728 2473 861 2509 miscet.

297 2529 312 2549 ¹
334 2529 436 2563 Eudo
459 2526 558 2563 enim
582 2526 725 2573 antique
752 2539 817 2573 pro
837 2529 875 2562 in
900 2525 937 2561 in

1001 2326 1082 2349 rum
1096 2313 1279 2359 vestigium
1291 2312 1384 2349 sorte
1397 2318 1538 2359 apparet
1554 2312 1588 2346 in
1603 2325 1688 2357 pon-

1002 2366 1123 2401 tifice:
1132 2366 1429 2407 Numaimtituto,
1439 2364 1497 2399 ubi
1511 2364 1582 2398 [ἦν.
1596 2365 1688 2407 Lao:

1003 2419 1054 2453 Ee·
1064 2431 1165 2452 sacra
1180 2421 1295 2452 omnia
1308 2419 1479 2461 etscn'pta
1493 2420 1688 2460 exsignata-

1002 2484 1064 2516 que
1073 2474 1196 2512 tribuit,
1208 2473 1328 2516 qulbus
1335 2471 1466 2509 hosta),
1483 2469 1609 2514 quibus
1618 2468 1689 2503 die-

1003 2523 1080 2566 bus,
1094 2525 1221 2568 adque
1230 2524 1355 2567 templa
1370 2523 1617 2566 ucmfieoeael.
1636 2528 1691 2556 o!-

253 2579 319 2623 leg.
338 2580 410 2615 xn
430 2579 497 2615 tab.
521 2578 613 2625 apud
631 2578 791 2613 Ennium
812 2585 848 2613 et
867 2578 941 2613 Lu-

254 2637 343 2718 {list-‚eti
351 2637 470 2717 exgtaat.
484 2630 559 2668 Cic.
571 2633 612 2666 de
624 2633 687 2677 leg.
700 2630 757 2675 ιι,
776 2631 797 2665 8
809 2644 818 2672 ς
837 2629 939 2665 Lacr.

301 2709 317 2755 3
341 2709 465 2770 Flesti-n
481 2748 531 2770 ex.
552 2734 693 2771 emend.
719 2734 806 2770 Dae.
826 2735 942 2769 Fastis

254 2789 340 2822 ene]-
358 2788 430 2823 de'cs
438 2785 533 2832 sesti
545 2791 669 2823 nisu!-
689 2787 852 2823 Primum
870 2798 940 2823 eo-

1005 2588 1067 2621 que
1081 2578 1168 2610 unde
1183 2578 1220 2610 in
1230 2586 1289 2609 eos
1302 2580 1431 2610 santus
1446 2579 1644 2619 erugat-etur.

1048 2629 1064 2652 ⁴
1088 2628 1161 2664 Liv.
1179 2626 1254 2670 IV,
1274 2627 1305 2662 3.
1324 2625 1517 2661 Canuteius
1540 2626 1575 2660 in
1598 2637 1687 2659 ora-

1007 2681 1103 2717 tione
1135 2687 1257 2715 contra
1290 2686 1451 2714 senatum
1481 2679 1573 2714 inter
1598 2678 1663 2712 alia
1677 2704 1687 2720 ,

1008 2745 1087 2779 quc
1098 2730 1141 2766 de
1150 2729 1314 2766 violentia
1325 2738 1358 2765 et
1373 2730 1501 2776 injuria
1516 2729 1592 2773 eius
1605 2741 1691 2763 con·

1008 2786 1168 2833 queritur
1185 2797 1194 2821 :
1209 2799 1228 2817 n
1242 2784 1400 2821 Obsecro
1412 2796 1485 2828 vos,
1497 2784 1542 2818 ait
1555 2810 1564 2827 ,
1582 2785 1617 2817 η’
1624 2794 1691 2816 no·
