1826 3054
563 199 954 244 FASTORUM
990 202 1118 244 LIB.
1174 202 1233 245 V.

1510 203 1592 246 381

181 294 366 342 Pectora
386 293 589 356 trajectus
610 294 785 358 Lynceo
808 292 970 340 Castor
987 292 1045 340 ab
1067 311 1169 341 ense
1184 330 1196 351 ,

245 371 349 418 Non
371 381 618 436 exspectato
640 368 819 417 vulnere
842 369 1004 435 pressit
1023 369 1222 417 humum.

1534 396 1600 433 710

184 449 318 497 Ultor
340 448 462 497 adest
485 447 667 506 Pollux3
693 460 737 497 et
757 449 940 514 Lyncea·
953 447 1148 515 perforat
1168 448 1293 497 hasta
1309 486 1321 506 ,

251 527 351 588 Qua
376 524 518 571 cervix
542 524 749 572 humeros
770 525 1026 572 continuata
1048 524 1220 591 premit.

185 602 285 649 Ibat
305 601 351 648 in
375 600 494 648 hunc
517 600 645 658 Idas,
667 601 828 667 vixque
852 613 919 650 est
940 601 1067 649 Jovis
1088 601 1187 663 igne
1210 600 1414 668 repulsus
1434 622 1444 651 :

251 678 355 726 Tela
381 690 526 727 tamen
552 678 712 726 dextrae
733 678 914 726 fulmine
936 690 1060 744 rapta
1080 691 1254 741 negant.

186 757 370 821 Jamque
395 756 478 803 tibi
502 754 653 803 caelum
669 793 681 812 ,
707 754 893 811 Pollux,
919 754 1109 803 sublime
1130 755 1332 821 patebat3

1540 772 1605 818 715

251 832 423 895 Quum,
448 833 576 889 Mea,
600 832 774 889 dixisti,
799 831 975 898 percipe
998 831 1153 889 verba,
1178 833 1321 881 Pater.

187 908 326 972 Quod
346 909 455 956 mihi
478 909 554 956 das
576 910 680 967 uni,
708 908 860 958 caelum
884 909 1045 976 partire
1069 908 1272 957 duobus:

250 987 496 1035 Dimidium
519 999 613 1036 toto
636 1005 815 1036 munere
837 987 976 1052 majus
1000 986 1095 1035 erit.

187 1100 358 1143 Apbidm's
376 1098 575 1144 legendum.
602 1098 683 1133 Hoc
700 1098 776 1133 loco
793 1111 863 1132 au-

189 1160 260 1185 tem
288 1164 360 1185 non
387 1151 453 1185 nisi
471 1164 562 1185 unus
583 1149 864 1185 Zulichemianus

186 1202 253 1237 hoc
270 1216 402 1238 nomen
429 1203 596 1243 servavit;
623 1216 706 1237 nam
725 1204 864 1238 caeteri:

193 1256 418 1289 Com-merant
428 1257 489 1289 illo
503 1257 639 1289 nomina
640 1257 721 1300 fida
732 1258 815 1289 Ioco.
822 1273 867 1281 -—-

191 1307 223 1340 A
240 1309 373 1352 Lynceo
394 1309 536 1342 Castora
550 1320 622 1342 esse
640 1307 865 1342 intersectum

189 1359 330 1404 plurimi
343 1359 496 1394 tradunt.
512 1359 618 1405 Apud
636 1359 865 1395 Theocritum

190 1423 274 1444 vero
303 1410 463 1457 Lynceus
491 1409 583 1445 cadit
604 1408 756 1444 Castoris
782 1422 864 1444 ense

190 1463 364 1507 trajectus.
401 1462 444 1496 ln
463 1475 535 1496 voc.
555 1463 689 1508 Lynceo
709 1461 865 1497 notanda

189 1514 316 1561 syllaba
332 1513 484 1549 secunda
494 1540 503 1557 ‚
517 1527 593 1559 quae
602 1513 668 1550 hoc
679 1527 780 1549 versu
791 1514 864 1549 lon-

190 1580 230 1613 ga
241 1595 253 1610 ‚
270 1575 306 1601 et
321 1567 434 1601 brevis
449 1579 535 1601 vers.
555 1580 626 1611 7¹¹·

235 1632 271 1666 7¹
279 1633 308 1652 α.
318 1619 444 1653 Premit
454 1617 584 1652 habent
593 1618 754 1653 meliores
767 1633 776 1660 ;
788 1618 867 1653 vul-

190 1685 233 1717 go
248 1675 337 1714 tegit.
359 1673 509 1705 Pte-mene
522 1671 612 1704 bene
632 1670 675 1705 de
691 1671 865 1712 confinio;

191 1726 244 1760 IV
264 1724 352 1759 Met.
369 1725 434 1759 635
452 1737 460 1758 t
478 1726 611 1758 humum
632 1727 759 1758 vicinia
774 1727 870 1758 nulla

186 1782 364 1822 premebat.
382 1778 486 1823 Apud
507 1776 649 1812 Pindar.
672 1783 762 1818 ἤλασε
783 1785 869 1822 Λυγ-

193 1832 255 1868 κέος
275 1832 303 1863 ἓν
324 1835 481 1872 τλιυραῖσι
500 1832 621 1874 χαλκὶν.
651 1829 745 1863 Tum
770 1829 869 1862 inse·-

194 1881 312 1925 quitur
331 1880 457 1924 Idam,
486 1894 504 1914 a
534 1893 626 1925 quo,
654 1879 870 1925 Apollodoro

195 1939 355 1975 auctore,
372 1907 508 1977 lapide
501 1940 547 1966 ita
561 1944 739 1976 percussus
748 1939 817 1974 est,
831 1939 870 1966 ut

195 1984 376 2018 oculorum
392 1983 500 2028 caligo
519 1984 735 2017 oboriretur:
750 1989 872 2023 Βληέεις

196 2039 286 2071 πεί-,ια
301 2052 356 2070 κατ
358 2037 378 2070 ἃ
401 2044 454 2073 τῖς
471 2051 522 2069 zu
507 2037 620 2081 αλῆς,
639 2042 740 2071 πίπτει
757 2051 872 2071 exarcu-

198 2094 225 2121 56
215 2093 254 2125 εἰ·
258 2087 353 2121 Sed
366 2086 506 2131 Jupiter
521 2086 652 2121 Polluci
668 2098 770 2131 opem
784 2086 871 2120 tulit.

197 2144 252 2174 Zeu
238 2156 267 2177 υς
287 2139 370 2174 δ’ἕπ’
386 2136 442 2176 12*oe
459 2156 514 2188 πυ(
519 2143 600 2188 :dfe-a
589 2144 699 2183 ιΠλᾶξ
702 2156 713 2173 ε
732 2142 833 2183 <palia
835 2155 873 2174 τοι

197 2195 341 2240 κεραυνόν·
367 2190 548 2225 Pindarus.
576 2191 681 2236 Apud
705 2191 872 2225 eumdem

200 2244 323 2279 Pollux
339 2251 435 2289 rogat
449 2243 577 2278 Jovem
591 2270 599 2286 ,
627 2251 665 2278 ut
681 2257 715 2279 se
733 2244 871 2278 interfi-

200 2297 267 2331 ciat
278 2323 288 2340 ,
307 2297 385 2342 quia
402 2297 489 2330 nolit
504 2308 574 2331 esse
589 2297 662 2331 sine
677 2297 874 2331 sociolabo-

202 2363 291 2383 rum.
304 2350 443 2394 Jupiter
453 2362 564 2383 unum
575 2343 752 2384 Pollucem
765 2363 875 2394 agno-

203 2403 263 2437 scit
287 2402 399 2437 filium
427 2415 554 2442 suum,
579 2401 721 2436 fratrem
750 2410 875 2436 natum

203 2467 274 2489 esse
288 2467 308 2488 e
324 2454 522 2500 Tyndareo.
539 2455 634 2488 Tum
649 2455 828 2500 optionem
842 2455 875 2490 ei

204 2506 277 2549 dat,
295 2513 413 2540 utrum
427 2507 520 2541 solus
535 2507 615 2541 velit
632 2507 667 2541 in
683 2507 766 2541 caelo
778 2507 876 2542 habi-

205 2565 275 2591 tare
286 2585 295 2599 ,
312 2570 355 2592 an
368 2566 498 2593 sortem
513 2560 632 2604 partiri
651 2572 730 2594 cum
747 2559 852 2594 fratre
862 2586 872 2602 ,

204 2616 242 2643 ut
261 2609 443 2644 dimidium
464 2619 602 2656 tempus
619 2611 664 2645 sit
679 2612 742 2645 sub
760 2619 851 2645 terra
864 2638 874 2654 ,

202 2661 386 2696 dimidium
404 2663 440 2696 in
456 2663 549 2697 caelo.
567 2663 690 2698 Pollux
706 2664 875 2708 posterius

204 2714 351 2758 praesert.
364 2714 416 2749 lta
426 2714 574 2750 alterum
585 2715 680 2750 diem
694 2728 774 2750 cum
787 2715 875 2759 Jove

926 1098 964 1132 in
981 1098 1123 1146 olympo
1137 1124 1147 1142 ,
1169 1098 1316 1133 alterum
1335 1099 1371 1133 in
1389 1100 1546 1145 sepulcro
1561 1102 1604 1137 ad

929 1149 1134 1196 Therapnas
1149 1151 1301 1195 exigunt.
1328 1151 1397 1187 Sed
1415 1153 1507 1198 apud
1526 1154 1608 1188 Ho—

929 1215 1068 1236 merum
1081 1228 1090 1245 ,
1110 1202 1181 1238 Od.
1198 1209 1227 1239 A
1242 1230 1253 1247 ,
1274 1204 1338 1238 302
1350 1231 1359 1248 ‚
1377 1204 1499 1239 vivunt
1513 1214 1610 1240 uter-

930 1267 996 1300 que
1012 1255 1076 1289 sub
1091 1262 1185 1289 terra
1195 1281 1205 1299 ,
1218 1255 1418 1302 habentque
1430 1256 1497 1293 hoc
1510 1271 1530 1293 a
1544 1260 1610 1294 Jo-

929 1318 970 1339 ve
980 1331 989 1348 ,
1005 1312 1045 1340 ut
1060 1319 1124 1351 per
1138 1306 1229 1341 vices
1245 1306 1339 1341 diem
1356 1321 1461 1354 supra
1476 1316 1607 1345 terram

929 1357 1066 1403 exigant
1078 1383 1087 1400 ,
1105 1365 1141 1392 et
1157 1358 1276 1393 divino
1286 1359 1422 1394 honore
1436 1360 1609 1397 fruantur.

930 1409 987 1443 De
1003 1408 1159 1444 dissensu
1174 1418 1333 1445 veterum
1346 1425 1451 1457 super
1464 1412 1527 1448 hac
1546 1428 1583 1449 re
1599 1443 1609 1458 ‚

931 1472 1001 1505 quo
1017 1460 1073 1495 alii
1090 1468 1249 1496 statuunt
1264 1488 1274 1506 ,
1304 1463 1445 1498 alternis
1462 1464 1612 1500 alterum

930 1512 967 1546 in
983 1511 1124 1556 inseris,
1147 1514 1295 1548 alterum
1313 1516 1396 1550 caelo
1419 1529 1490 1551 esse
1503 1543 1513 1559 ‚
1532 1517 1609 1560 alii,

931 1571 1120 1610 utrumque
1145 1566 1247 1600 simul
1267 1566 1334 1600 alio
1358 1567 1413 1602 die
1437 1569 1528 1614 apud
1552 1569 1610 1603 in-

930 1616 1023 1651 seros
1036 1643 1046 1660 ,
1070 1616 1136 1651 alio
1156 1618 1247 1662 apud
1263 1630 1406 1663 superos
1417 1632 1490 1654 esse
1507 1647 1516 1663 ,
1531 1620 1611 1656 vide

932 1667 1177 1703 Hemsterhus.
1192 1669 1235 1703 ad
1247 1670 1440 1705 Lucianum
1453 1698 1462 1714 ,
1476 1670 1613 1718 Dialog¹

932 1718 1093 1755 Deorum
1109 1748 1118 1764 ,
1147 1729 1231 1756 tom.
1258 1723 1317 1766 11,
1342 1737 1418 1769 pag.
1446 1725 1510 1768 88,
1529 1724 1612 1760 edit.

933 1773 1074 1818 Bipont.
1098 1775 1227 1810 Nostro
1244 1775 1366 1811 diebus
1384 1777 1525 1812 alternis
1544 1785 1614 1813 sta-

934 1825 1068 1860 tionem
1088 1827 1161 1861 caeli
1178 1827 1442 1874 inferorumque
1466 1830 1559 1864 inter
1575 1843 1611 1865 se

935 1885 1083 1913 mutant.
1096 1879 1298 1915 Eustathius
1320 1880 1363 1915 ad
1381 1881 1531 1917 Homeri
1552 1882 1614 1916 di-

934 1937 1042 1964 ctumv
1059 1931 1174 1965 locum
1202 1931 1355 1967 fabulam
1382 1933 1546 1968 transfert
1569 1934 1614 1970 ad

933 1982 1027 2017 sidus
1045 1982 1303 2028 Geminorum,
1322 1985 1380 2030 qui
1392 2012 1401 2028 ,
1425 1985 1511 2020 dum
1532 1993 1616 2023 sunt

935 2035 998 2069 sub
1025 2043 1141 2078 terra,
1166 2036 1333 2071 videntur
1356 2039 1487 2072 mortui
1511 2052 1584 2074 esse
1602 2065 1613 2084 ,

937 2086 1022 2121 dum
1038 2089 1202 2123 oriuntur
1213 2115 1223 2132 ‚
1250 2089 1382 2125 vivunt.
1402 2090 1516 2125 Aliter
1531 2092 1615 2126 Ma·-

936 2139 1095 2182 crobius‚
1116 2140 1155 2181 1,
1174 2140 1316 2175 Saturn.
1335 2155 1372 2176 21
1387 2154 1396 2176 ε
1412 2157 1430 2171 «
1447 2141 1613 2188 Gemini,

939 2205 957 2221 »
976 2192 1034 2235 qui
1058 2192 1198 2226 alternis
1213 2193 1384 2228 mortibus
1399 2194 1514 2229 vivere
1535 2209 1615 2230 cre-

940 2256 958 2272 »
977 2242 1111 2276 duntur
1126 2269 1135 2285 ,
1165 2243 1247 2288 quid
1268 2244 1360 2279 aliud
1375 2271 1385 2287 ,
1413 2246 1477 2280 nisi
1502 2247 1614 2281 solem

938 2308 956 2323 ιι
977 2307 1087 2329 unum
1122 2295 1357 2341 eumdemque
1389 2298 1586 2345 significant
1602 2326 1613 2344 ,

939 2361 958 2377 »
977 2347 1084 2381 modo
1096 2347 1367 2383 descendentem
1382 2349 1419 2384 in
1432 2350 1500 2384 ima
1514 2363 1616 2386 mun·

940 2414 959 2430 u
978 2400 1013 2434 di
1024 2427 1033 2443 ,
1048 2401 1154 2434 modo
1167 2402 1290 2436 mundi
1303 2404 1338 2437 in
1355 2416 1531 2438 summam
1542 2405 1616 2440 alti-

941 2467 959 2482 »
978 2451 1138 2487 tudinem
1162 2462 1412 2498 resurgentem.
1433 2470 1450 2485 »³
1477 2474 1521 2484 —-
1544 2457 1616 2491 Pro

939 2518 1069 2539 munere
1079 2506 1184 2541 Bern.
1201 2510 1343 2541 numine.
1354 2507 1397 2542 de
1409 2521 1479 2553 quo
1490 2510 1615 2545 Burm.

939 2559 1162 2604 cogitandum
1181 2567 1279 2604 putat
1292 2575 1302 2602 ;
1318 2560 1378 2595 sed
1393 2575 1512 2597 munus
1524 2575 1616 2610 saepe

940 2612 982 2646 de
1001 2613 1167 2647 relatione
1184 2613 1277 2648 inter
1291 2613 1383 2649 deos.
1397 2615 1512 2650 Etiam
1522 2616 1615 2662 apud

941 2664 1125 2710 Hyginum
1139 2691 1149 2708 ,
1172 2664 1239 2699 sab.
1263 2667 1327 2709 80,
1349 2666 1471 2701 Pollux
1485 2675 1587 2713 rogat
1603 2694 1613 2711 ,

940 2722 980 2749 ut
995 2715 1057 2750 sibi
1071 2715 1172 2751 liceat
1186 2729 1304 2752 manus
1311 2729 1406 2752 suum
1417 2730 1497 2753 cum
1508 2717 1615 2752 fratre
