<?xml version="1.0" encoding="UTF-8"?>
<!DOCTYPE html PUBLIC "-//W3C//DTD XHTML 1.0 Transitional//EN"
    "http://www.w3.org/TR/xhtml1/DTD/xhtml1-transitional.dtd">
<html xmlns="http://www.w3.org/1999/xhtml" xml:lang="en" lang="en">
 <head>
  <title>
</title>
<meta http-equiv="Content-Type" content="text/html;charset=utf-8" />
  <meta name='ocr-system' content='tesseract 3.04.00' />
  <meta name='ocr-capabilities' content='ocr_page ocr_carea ocr_par ocr_line ocrx_word'/>
</head>
<body>
  <div class='ocr_page' id='page_1' title='image "./quaeextantomniao06oviduoft_0247.png"; bbox 0 0 1826 3054; ppageno 0'>
   <div class='ocr_carea' id='block_1_1' title="bbox 535 152 1459 294">
    <p class='ocr_par' dir='ltr' id='par_1_1' title="bbox 535 152 1459 294">
     <span class='ocr_line' id='line_1_1' title="bbox 535 152 1236 198; baseline -0.003 0"><span class='ocrx_word' id='word_1_1' title='bbox 535 152 926 198; x_wconf 75' lang='lat' dir='ltr'><strong>FASTORUM</strong></span> <span class='ocrx_word' id='word_1_2' title='bbox 959 153 1099 198; x_wconf 88' lang='lat' dir='ltr'>LIB.</span> <span class='ocrx_word' id='word_1_3' title='bbox 1141 154 1236 198; x_wconf 89' lang='lat' dir='ltr'><strong>IV.</strong></span> 
     </span>
     <span class='ocr_line' id='line_1_2' title="bbox 910 244 1459 294; baseline 0 -1"><span class='ocrx_word' id='word_1_4' title='bbox 910 265 921 293; x_wconf 92' lang='lat'><strong>:</strong></span> <span class='ocrx_word' id='word_1_5' title='bbox 945 244 1069 294; x_wconf 81' lang='lat' dir='ltr'>subit</span> <span class='ocrx_word' id='word_1_6' title='bbox 1090 244 1208 294; x_wconf 81' lang='lat' dir='ltr'><strong>Alba</strong></span> <span class='ocrx_word' id='word_1_7' title='bbox 1223 245 1430 294; x_wconf 84' lang='lat' dir='ltr'><strong>Latinum</strong></span> <span class='ocrx_word' id='word_1_8' title='bbox 1449 266 1459 293; x_wconf 90' lang='lat'>:</span> 
     </span>
    </p>
   </div>
   <div class='ocr_carea' id='block_1_2' title="bbox 190 245 893 312">
    <p class='ocr_par' dir='ltr' id='par_1_2' title="bbox 190 245 893 312">
     <span class='ocr_line' id='line_1_3' title="bbox 190 245 893 312; baseline -0.003 -17"><span class='ocrx_word' id='word_1_9' title='bbox 190 248 345 312; x_wconf 84' lang='lat' dir='ltr'><strong>Isque,</strong></span> <span class='ocrx_word' id='word_1_10' title='bbox 370 245 546 304; x_wconf 80' lang='lat' dir='ltr'>Latine,</span> <span class='ocrx_word' id='word_1_11' title='bbox 571 245 655 294; x_wconf 84' lang='lat' dir='ltr'><strong>tibi</strong></span> <span class='ocrx_word' id='word_1_12' title='bbox 677 256 804 312; x_wconf 82' lang='lat' dir='ltr'><strong>pater</strong></span> <span class='ocrx_word' id='word_1_13' title='bbox 826 256 893 294; x_wconf 84' lang='lat' dir='ltr'><strong>est</strong></span> 
     </span>
    </p>
   </div>
   <div class='ocr_carea' id='block_1_3' title="bbox 1513 156 1596 199">
    <p class='ocr_par' dir='ltr' id='par_1_3' title="bbox 1513 156 1596 199">
     <span class='ocr_line' id='line_1_4' title="bbox 1513 156 1596 199; baseline 0.012 -1"><span class='ocrx_word' id='word_1_14' title='bbox 1513 156 1596 199; x_wconf 72' lang='lat'><strong>233</strong></span> 
     </span>
    </p>
   </div>
   <div class='ocr_carea' id='block_1_4' title="bbox 251 323 1231 391">
    <p class='ocr_par' dir='ltr' id='par_1_4' title="bbox 251 323 1231 391">
     <span class='ocr_line' id='line_1_5' title="bbox 251 323 1231 391; baseline -0.002 -17"><span class='ocrx_word' id='word_1_15' title='bbox 251 325 484 379; x_wconf 77' lang='lat' dir='ltr'><strong>&#39;Proximus</strong></span> <span class='ocrx_word' id='word_1_16' title='bbox 502 335 568 374; x_wconf 83' lang='lat' dir='ltr'><strong>est</strong></span> <span class='ocrx_word' id='word_1_17' title='bbox 587 323 729 372; x_wconf 82' lang='lat' dir='ltr'><strong>titulis</strong></span> <span class='ocrx_word' id='word_1_18' title='bbox 752 324 938 391; x_wconf 88' lang='lat' dir='ltr'><strong>Epitos‚</strong></span> <span class='ocrx_word' id='word_1_19' title='bbox 963 323 1102 382; x_wconf 84' lang='lat' dir='ltr'><strong>Alba,</strong></span> <span class='ocrx_word' id='word_1_20' title='bbox 1128 325 1231 373; x_wconf 87' lang='lat' dir='ltr'><strong>tuis.</strong></span> 
     </span>
    </p>
   </div>
   <div class='ocr_carea' id='block_1_5' title="bbox 189 402 1213 549">
    <p class='ocr_par' dir='ltr' id='par_1_5' title="bbox 189 402 1213 549">
     <span class='ocr_line' id='line_1_6' title="bbox 189 402 1213 470; baseline 0.002 -20"><span class='ocrx_word' id='word_1_21' title='bbox 189 402 270 451; x_wconf 87' lang='lat' dir='ltr'><strong>llle</strong></span> <span class='ocrx_word' id='word_1_22' title='bbox 291 403 412 452; x_wconf 83' lang='lat' dir='ltr'><strong>dedit</strong></span> <span class='ocrx_word' id='word_1_23' title='bbox 435 403 573 470; x_wconf 87' lang='lat' dir='ltr'><strong>Capyi</strong></span> <span class='ocrx_word' id='word_1_24' title='bbox 598 402 787 452; x_wconf 85' lang='lat' dir='ltr'><strong>recidiva</strong></span> <span class='ocrx_word' id='word_1_25' title='bbox 806 402 1020 453; x_wconf 82' lang='lat' dir='ltr'><strong>vocabula</strong></span> <span class='ocrx_word' id='word_1_26' title='bbox 1042 404 1213 468; x_wconf 84' lang='lat' dir='ltr'><strong>Trojae;</strong></span> 
     </span>
     <span class='ocr_line' id='line_1_7' title="bbox 253 481 920 549; baseline 0 -20"><span class='ocrx_word' id='word_1_27' title='bbox 253 482 313 530; x_wconf 84' lang='lat' dir='ltr'><strong>Et</strong></span> <span class='ocrx_word' id='word_1_28' title='bbox 335 493 436 530; x_wconf 87' lang='lat' dir='ltr'><strong>tuus</strong></span> <span class='ocrx_word' id='word_1_29' title='bbox 456 493 523 530; x_wconf 87' lang='lat' dir='ltr'><strong>est</strong></span> <span class='ocrx_word' id='word_1_30' title='bbox 542 481 658 531; x_wconf 88' lang='lat' dir='ltr'><strong>idem</strong></span> <span class='ocrx_word' id='word_1_31' title='bbox 672 518 685 538; x_wconf 90' lang='lat'>‚</span> <span class='ocrx_word' id='word_1_32' title='bbox 712 481 893 549; x_wconf 83' lang='lat' dir='ltr'><strong>Calpete</strong></span> <span class='ocrx_word' id='word_1_33' title='bbox 907 519 920 540; x_wconf 85' lang='lat'>‚</span> 
     </span>
    </p>
   </div>
   <div class='ocr_carea' id='block_1_6' title="bbox 941 419 1598 531">
    <p class='ocr_par' dir='ltr' id='par_1_6' title="bbox 941 419 1598 531">
     <span class='ocr_line' id='line_1_8' title="bbox 1554 419 1598 464; baseline 0 -13"><span class='ocrx_word' id='word_1_34' title='bbox 1554 419 1598 464; x_wconf 76' lang='lat'><strong>45</strong></span> 
     </span>
     <span class='ocr_line' id='line_1_9' title="bbox 941 482 1264 531; baseline -0.003 -2"><span class='ocrx_word' id='word_1_35' title='bbox 941 482 1084 531; x_wconf 85' lang='lat' dir='ltr'><strong>factus</strong></span> <span class='ocrx_word' id='word_1_36' title='bbox 1104 501 1223 531; x_wconf 87' lang='lat' dir='ltr'><strong>avus.</strong></span> <span class='ocrx_word' id='word_1_37' title='bbox 1258 500 1264 505; x_wconf 87' lang='lat'><strong>·</strong></span> 
     </span>
    </p>
   </div>
   <div class='ocr_carea' id='block_1_7' title="bbox 187 557 1548 779">
    <p class='ocr_par' dir='ltr' id='par_1_7' title="bbox 187 557 1548 779">
     <span class='ocr_line' id='line_1_10' title="bbox 190 557 1548 624; baseline 0.003 -20"><span class='ocrx_word' id='word_1_38' title='bbox 190 557 430 623; x_wconf 86' lang='lat' dir='ltr'><strong>Quumque</strong></span> <span class='ocrx_word' id='word_1_39' title='bbox 450 557 589 623; x_wconf 86' lang='lat' dir='ltr'><strong>patris</strong></span> <span class='ocrx_word' id='word_1_40' title='bbox 606 576 791 620; x_wconf 85' lang='lat' dir='ltr'><strong>regnum</strong></span> <span class='ocrx_word' id='word_1_41' title='bbox 815 569 920 624; x_wconf 89' lang='lat' dir='ltr'><strong>post</strong></span> <span class='ocrx_word' id='word_1_42' title='bbox 943 557 1063 606; x_wconf 86' lang='lat' dir='ltr'><strong>hunc</strong></span> <span class='ocrx_word' id='word_1_43' title='bbox 1083 558 1324 607; x_wconf 88' lang='lat' dir='ltr'><strong>Tiberinus</strong></span> <span class='ocrx_word' id='word_1_44' title='bbox 1342 558 1548 617; x_wconf 84' lang='lat' dir='ltr'><strong>haberet,</strong></span> 
     </span>
     <span class='ocr_line' id='line_1_11' title="bbox 254 632 1214 700; baseline 0.001 -20"><span class='ocrx_word' id='word_1_45' title='bbox 254 632 429 681; x_wconf 83' lang='lat' dir='ltr'><strong>Dicitur</strong></span> <span class='ocrx_word' id='word_1_46' title='bbox 450 633 497 680; x_wconf 90' lang='lat' dir='ltr'><strong>in</strong></span> <span class='ocrx_word' id='word_1_47' title='bbox 517 633 671 682; x_wconf 84' lang='lat' dir='ltr'><strong>Tuscae</strong></span> <span class='ocrx_word' id='word_1_48' title='bbox 693 633 867 696; x_wconf 82' lang='lat' dir='ltr'>gurgite</span> <span class='ocrx_word' id='word_1_49' title='bbox 888 652 1057 681; x_wconf 89' lang='lat' dir='ltr'><strong>mersus</strong></span> <span class='ocrx_word' id='word_1_50' title='bbox 1079 653 1214 700; x_wconf 79' lang='lat' dir='ltr'><strong>aquae.</strong></span> 
     </span>
     <span class='ocr_line' id='line_1_12' title="bbox 187 707 1527 779; baseline 0.002 -24"><span class='ocrx_word' id='word_1_51' title='bbox 187 707 286 755; x_wconf 82' lang='lat' dir='ltr'><strong>Jam</strong></span> <span class='ocrx_word' id='word_1_52' title='bbox 309 719 449 756; x_wconf 87' lang='lat' dir='ltr'><strong>tamen</strong></span> <span class='ocrx_word' id='word_1_53' title='bbox 474 709 704 775; x_wconf 80' lang='lat' dir='ltr'>Agrippan</span> <span class='ocrx_word' id='word_1_54' title='bbox 726 708 923 771; x_wconf 81' lang='lat' dir='ltr'><strong>genitum</strong></span> <span class='ocrx_word' id='word_1_55' title='bbox 938 746 950 765; x_wconf 92' lang='lat'><strong>‚</strong></span> <span class='ocrx_word' id='word_1_56' title='bbox 973 709 1300 779; x_wconf 58' lang='lat' dir='ltr'><strong>&gt;Remulumque</strong></span> <span class='ocrx_word' id='word_1_57' title='bbox 1321 722 1527 777; x_wconf 81' lang='lat' dir='ltr'><strong>nepotem</strong></span> 
     </span>
    </p>
   </div>
   <div class='ocr_carea' id='block_1_8' title="bbox 250 785 1326 844">
    <p class='ocr_par' dir='ltr' id='par_1_8' title="bbox 250 785 1326 844">
     <span class='ocr_line' id='line_1_13' title="bbox 250 785 1326 844; baseline 0.005 -12"><span class='ocrx_word' id='word_1_58' title='bbox 250 785 455 844; x_wconf 75' lang='lat' dir='ltr'><strong>Videra13</strong></span> <span class='ocrx_word' id='word_1_59' title='bbox 478 787 525 835; x_wconf 88' lang='lat' dir='ltr'><strong>iu</strong></span> <span class='ocrx_word' id='word_1_60' title='bbox 548 786 786 836; x_wconf 82' lang='lat' dir='ltr'><strong>Remulum</strong></span> <span class='ocrx_word' id='word_1_61' title='bbox 805 786 990 836; x_wconf 81' lang='lat' dir='ltr'><strong>fulmina</strong></span> <span class='ocrx_word' id='word_1_62' title='bbox 1011 788 1143 836; x_wconf 85' lang='lat' dir='ltr'><strong>missa</strong></span> <span class='ocrx_word' id='word_1_63' title='bbox 1166 788 1326 837; x_wconf 85' lang='lat' dir='ltr'><strong>ferunt.</strong></span> 
     </span>
    </p>
   </div>
   <div class='ocr_carea' id='block_1_9' title="bbox 1558 804 1602 837">
    <p class='ocr_par' dir='ltr' id='par_1_9' title="bbox 1558 804 1602 837">
     <span class='ocr_line' id='line_1_14' title="bbox 1558 804 1602 837; baseline -0.045 0"><span class='ocrx_word' id='word_1_64' title='bbox 1558 804 1602 837; x_wconf 82' lang='lat'><strong>50</strong></span> 
     </span>
    </p>
   </div>
   <div class='ocr_carea' id='block_1_10' title="bbox 186 861 1360 930">
    <p class='ocr_par' dir='ltr' id='par_1_10' title="bbox 186 861 1360 930">
     <span class='ocr_line' id='line_1_15' title="bbox 186 861 1360 930; baseline 0.004 -22"><span class='ocrx_word' id='word_1_65' title='bbox 186 861 321 909; x_wconf 80' lang='lat' dir='ltr'><strong>Venit</strong></span> <span class='ocrx_word' id='word_1_66' title='bbox 341 863 587 914; x_wconf 82' lang='lat' dir='ltr'><strong>Aventinus</strong></span> <span class='ocrx_word' id='word_1_67' title='bbox 608 874 713 930; x_wconf 82' lang='lat' dir='ltr'><strong>post</strong></span> <span class='ocrx_word' id='word_1_68' title='bbox 733 862 844 920; x_wconf 88' lang='lat' dir='ltr'><strong>hos;</strong></span> <span class='ocrx_word' id='word_1_69' title='bbox 870 862 996 910; x_wconf 88' lang='lat' dir='ltr'><strong>locus</strong></span> <span class='ocrx_word' id='word_1_70' title='bbox 1018 863 1134 911; x_wconf 88' lang='lat' dir='ltr'><strong>unde</strong></span> <span class='ocrx_word' id='word_1_71' title='bbox 1154 876 1360 921; x_wconf 72' lang='lat' dir='ltr'><strong>vocatus,</strong></span> 
     </span>
    </p>
   </div>
   <div class='ocr_carea' id='block_1_11' title="bbox 183 986 863 1870">
    <p class='ocr_par' dir='ltr' id='par_1_11' title="bbox 183 986 863 1340">
     <span class='ocr_line' id='line_1_16' title="bbox 188 986 860 1032; baseline 0.003 -13"><span class='ocrx_word' id='word_1_72' title='bbox 188 993 241 1020; x_wconf 81' lang='lat' dir='ltr'><strong>cat</strong></span> <span class='ocrx_word' id='word_1_73' title='bbox 258 986 396 1021; x_wconf 70' lang='lat' dir='ltr'><strong>Ascanii</strong></span> <span class='ocrx_word' id='word_1_74' title='bbox 411 986 524 1021; x_wconf 85' lang='lat' dir='ltr'><strong>filium</strong></span> <span class='ocrx_word' id='word_1_75' title='bbox 536 1013 546 1029; x_wconf 87' lang='lat'>,</span> <span class='ocrx_word' id='word_1_76' title='bbox 564 1000 643 1022; x_wconf 80' lang='lat' dir='ltr'><strong>casu</strong></span> <span class='ocrx_word' id='word_1_77' title='bbox 659 987 811 1032; x_wconf 85' lang='lat' dir='ltr'><strong>quodam</strong></span> <span class='ocrx_word' id='word_1_78' title='bbox 823 987 860 1021; x_wconf 90' lang='lat' dir='ltr'><strong>in</strong></span> 
     </span>
     <span class='ocr_line' id='line_1_17' title="bbox 187 1036 862 1083; baseline 0.003 -12"><span class='ocrx_word' id='word_1_79' title='bbox 187 1036 279 1072; x_wconf 82' lang='lat' dir='ltr'><strong>silvis</strong></span> <span class='ocrx_word' id='word_1_80' title='bbox 299 1045 433 1072; x_wconf 88' lang='lat' dir='ltr'><strong>natum.</strong></span> <span class='ocrx_word' id='word_1_81' title='bbox 451 1057 494 1064; x_wconf 95' lang='lat'>—</span> <span class='ocrx_word' id='word_1_82' title='bbox 511 1040 628 1083; x_wconf 70' lang='lat' dir='ltr'><strong>Isque,</strong></span> <span class='ocrx_word' id='word_1_83' title='bbox 661 1040 782 1074; x_wconf 75' lang='lat' dir='ltr'><strong>Latine</strong></span> <span class='ocrx_word' id='word_1_84' title='bbox 797 1046 862 1074; x_wconf 86' lang='lat' dir='ltr'><strong>etc.</strong></span> 
     </span>
     <span class='ocr_line' id='line_1_18' title="bbox 190 1087 861 1134; baseline 0.004 -11"><span class='ocrx_word' id='word_1_85' title='bbox 190 1087 338 1124; x_wconf 70' lang='lat' dir='ltr'><strong>Ovidius</strong></span> <span class='ocrx_word' id='word_1_86' title='bbox 354 1089 409 1124; x_wconf 83' lang='lat' dir='ltr'><strong>hic</strong></span> <span class='ocrx_word' id='word_1_87' title='bbox 424 1097 460 1124; x_wconf 92' lang='lat' dir='ltr'><strong>et</strong></span> <span class='ocrx_word' id='word_1_88' title='bbox 477 1090 624 1125; x_wconf 82' lang='lat' dir='ltr'><strong>Metam.</strong></span> <span class='ocrx_word' id='word_1_89' title='bbox 649 1090 742 1125; x_wconf 83' lang='lat' dir='ltr'><strong>dicto</strong></span> <span class='ocrx_word' id='word_1_90' title='bbox 761 1091 837 1125; x_wconf 91' lang='lat' dir='ltr'><strong>loco</strong></span> <span class='ocrx_word' id='word_1_91' title='bbox 851 1117 861 1134; x_wconf 90' lang='lat'>,</span> 
     </span>
     <span class='ocr_line' id='line_1_19' title="bbox 188 1142 863 1186; baseline 0.001 -11"><span class='ocrx_word' id='word_1_92' title='bbox 188 1142 329 1175; x_wconf 68' lang='lat' dir='ltr'><strong>AEueaae</strong></span> <span class='ocrx_word' id='word_1_93' title='bbox 344 1142 481 1176; x_wconf 71' lang='lat' dir='ltr'><strong>Silm‘ur</strong></span> <span class='ocrx_word' id='word_1_94' title='bbox 495 1142 611 1177; x_wconf 85' lang='lat' dir='ltr'><strong>omisit</strong></span> <span class='ocrx_word' id='word_1_95' title='bbox 623 1168 634 1183; x_wconf 85' lang='lat'>,</span> <span class='ocrx_word' id='word_1_96' title='bbox 648 1148 782 1186; x_wconf 81' lang='lat' dir='ltr'><strong>patrem</strong></span> <span class='ocrx_word' id='word_1_97' title='bbox 794 1142 863 1176; x_wconf 86' lang='lat' dir='ltr'><strong>La-</strong></span> 
     </span>
     <span class='ocr_line' id='line_1_20' title="bbox 190 1193 861 1234; baseline 0 -7"><span class='ocrx_word' id='word_1_98' title='bbox 190 1193 315 1227; x_wconf 81' lang='lat' dir='ltr'><strong>tini.-—</strong></span> <span class='ocrx_word' id='word_1_99' title='bbox 325 1194 434 1234; x_wconf 68' lang='lat' dir='ltr'><strong>Subit,</strong></span> <span class='ocrx_word' id='word_1_100' title='bbox 454 1193 606 1228; x_wconf 89' lang='lat' dir='ltr'><strong>succedit</strong></span> <span class='ocrx_word' id='word_1_101' title='bbox 622 1197 716 1228; x_wconf 79' lang='lat' dir='ltr'><strong>Alba</strong></span> <span class='ocrx_word' id='word_1_102' title='bbox 727 1195 861 1229; x_wconf 77' lang='lat' dir='ltr'><strong>Latt&#39;uo.</strong></span> 
     </span>
     <span class='ocr_line' id='line_1_21' title="bbox 190 1246 863 1293; baseline 0.003 -13"><span class='ocrx_word' id='word_1_103' title='bbox 190 1247 361 1290; x_wconf 77' lang='lat' dir='ltr'><strong>—Epitos</strong></span> <span class='ocrx_word' id='word_1_104' title='bbox 374 1246 472 1280; x_wconf 81' lang='lat' dir='ltr'><strong>Livio</strong></span> <span class='ocrx_word' id='word_1_105' title='bbox 482 1247 573 1293; x_wconf 80' lang='lat' dir='ltr'><strong>Atys</strong></span> <span class='ocrx_word' id='word_1_106' title='bbox 581 1273 591 1288; x_wconf 89' lang='lat'><em>,</em></span> <span class='ocrx_word' id='word_1_107' title='bbox 610 1246 782 1293; x_wconf 85' lang='lat' dir='ltr'><strong>Dionysio</strong></span> <span class='ocrx_word' id='word_1_108' title='bbox 792 1249 863 1282; x_wconf 79' lang='lat' dir='ltr'><strong>Ca·-</strong></span> 
     </span>
     <span class='ocr_line' id='line_1_22' title="bbox 183 1296 432 1340; baseline 0.004 -10"><span class='ocrx_word' id='word_1_109' title='bbox 183 1303 282 1340; x_wconf 65' lang='grc' dir='ltr'><strong>μείω</strong></span> <span class='ocrx_word' id='word_1_110' title='bbox 297 1296 432 1332; x_wconf 81' lang='lat' dir='ltr'><strong>dicitur.</strong></span> 
     </span>
    </p>

    <p class='ocr_par' dir='ltr' id='par_1_12' title="bbox 184 1350 860 1870">
     <span class='ocr_line' id='line_1_23' title="bbox 231 1350 859 1395; baseline -0.002 -11"><span class='ocrx_word' id='word_1_111' title='bbox 231 1350 284 1393; x_wconf 70' lang='grc'><strong>45.</strong></span> <span class='ocrx_word' id='word_1_112' title='bbox 310 1351 475 1384; x_wconf 72' lang='lat' dir='ltr'><strong>Recidin&#39;</strong></span> <span class='ocrx_word' id='word_1_113' title='bbox 487 1376 498 1390; x_wconf 88' lang='lat'><em>‚</em></span> <span class='ocrx_word' id='word_1_114' title='bbox 527 1362 605 1395; x_wconf 74' lang='lat' dir='ltr'><strong>quae</strong></span> <span class='ocrx_word' id='word_1_115' title='bbox 618 1375 630 1393; x_wconf 85' lang='lat'><strong>‚</strong></span> <span class='ocrx_word' id='word_1_116' title='bbox 659 1355 762 1383; x_wconf 80' lang='lat' dir='ltr'><strong>antea</strong></span> <span class='ocrx_word' id='word_1_117' title='bbox 786 1350 859 1394; x_wconf 81' lang='lat' dir='ltr'><strong>jam</strong></span> 
     </span>
     <span class='ocr_line' id='line_1_24' title="bbox 188 1401 858 1447; baseline 0 -11"><span class='ocrx_word' id='word_1_118' title='bbox 188 1409 351 1447; x_wconf 80' lang='lat' dir='ltr'><strong>usurpata</strong></span> <span class='ocrx_word' id='word_1_119' title='bbox 361 1428 371 1445; x_wconf 90' lang='lat'><strong>‚</strong></span> <span class='ocrx_word' id='word_1_120' title='bbox 387 1401 431 1437; x_wconf 88' lang='lat' dir='ltr'><strong>ad</strong></span> <span class='ocrx_word' id='word_1_121' title='bbox 447 1415 523 1437; x_wconf 88' lang='lat' dir='ltr'><strong>rem</strong></span> <span class='ocrx_word' id='word_1_122' title='bbox 536 1414 665 1437; x_wconf 84' lang='lat' dir='ltr'><strong>novam</strong></span> <span class='ocrx_word' id='word_1_123' title='bbox 681 1401 858 1436; x_wconf 85' lang='lat' dir='ltr'><strong>adhiben-</strong></span> 
     </span>
     <span class='ocr_line' id='line_1_25' title="bbox 186 1455 859 1502; baseline 0.001 -15"><span class='ocrx_word' id='word_1_124' title='bbox 186 1461 254 1488; x_wconf 87' lang='lat' dir='ltr'><strong>tur.</strong></span> <span class='ocrx_word' id='word_1_125' title='bbox 269 1471 313 1480; x_wconf 86' lang='lat'><strong>-—</strong></span> <span class='ocrx_word' id='word_1_126' title='bbox 330 1455 442 1502; x_wconf 73' lang='lat' dir='ltr'><strong>Capys</strong></span> <span class='ocrx_word' id='word_1_127' title='bbox 459 1455 544 1490; x_wconf 88' lang='lat' dir='ltr'><strong>olim</strong></span> <span class='ocrx_word' id='word_1_128' title='bbox 565 1456 767 1490; x_wconf 82' lang='lat' dir='ltr'><strong>nominatus</strong></span> <span class='ocrx_word' id='word_1_129' title='bbox 784 1461 859 1489; x_wconf 86' lang='lat' dir='ltr'><strong>erat</strong></span> 
     </span>
     <span class='ocr_line' id='line_1_26' title="bbox 185 1507 859 1552; baseline 0.006 -12"><span class='ocrx_word' id='word_1_130' title='bbox 185 1519 259 1541; x_wconf 87' lang='lat' dir='ltr'><strong>non</strong></span> <span class='ocrx_word' id='word_1_131' title='bbox 283 1507 391 1542; x_wconf 86' lang='lat' dir='ltr'><strong>modo</strong></span> <span class='ocrx_word' id='word_1_132' title='bbox 412 1507 539 1544; x_wconf 76' lang='lat' dir='ltr'><strong>AEneae</strong></span> <span class='ocrx_word' id='word_1_133' title='bbox 563 1521 646 1544; x_wconf 79' lang='lat' dir='ltr'><strong>avus</strong></span> <span class='ocrx_word' id='word_1_134' title='bbox 665 1535 675 1552; x_wconf 92' lang='lat'>,</span> <span class='ocrx_word' id='word_1_135' title='bbox 703 1509 859 1544; x_wconf 66' lang='lat' dir='ltr'><strong>Assaraci</strong></span> 
     </span>
     <span class='ocr_line' id='line_1_27' title="bbox 184 1559 857 1605; baseline 0.004 -11"><span class='ocrx_word' id='word_1_136' title='bbox 184 1559 276 1595; x_wconf 85' lang='lat' dir='ltr'><strong>filius</strong></span> <span class='ocrx_word' id='word_1_137' title='bbox 288 1587 298 1605; x_wconf 86' lang='lat'>,</span> <span class='ocrx_word' id='word_1_138' title='bbox 315 1561 376 1596; x_wconf 85' lang='lat' dir='ltr'><strong>sed</strong></span> <span class='ocrx_word' id='word_1_139' title='bbox 389 1569 426 1597; x_wconf 92' lang='lat' dir='ltr'><strong>et</strong></span> <span class='ocrx_word' id='word_1_140' title='bbox 440 1574 530 1597; x_wconf 80' lang='lat' dir='ltr'><strong>unus</strong></span> <span class='ocrx_word' id='word_1_141' title='bbox 553 1575 573 1597; x_wconf 95' lang='lat' dir='ltr'><strong>e</strong></span> <span class='ocrx_word' id='word_1_142' title='bbox 593 1563 692 1597; x_wconf 83' lang='lat' dir='ltr'><strong>sociis</strong></span> <span class='ocrx_word' id='word_1_143' title='bbox 708 1563 832 1597; x_wconf 76' lang='lat' dir='ltr'><strong>AEueae</strong></span> <span class='ocrx_word' id='word_1_144' title='bbox 847 1576 857 1603; x_wconf 88' lang='lat'>;</span> 
     </span>
     <span class='ocr_line' id='line_1_28' title="bbox 185 1612 853 1658; baseline 0.003 -10"><span class='ocrx_word' id='word_1_145' title='bbox 185 1612 269 1648; x_wconf 84' lang='lat' dir='ltr'><strong>AEn.</strong></span> <span class='ocrx_word' id='word_1_146' title='bbox 286 1615 303 1650; x_wconf 90' lang='lat'>1</span> <span class='ocrx_word' id='word_1_147' title='bbox 314 1641 324 1658; x_wconf 94' lang='lat'>,</span> <span class='ocrx_word' id='word_1_148' title='bbox 346 1616 416 1650; x_wconf 81' lang='lat'>183.</span> <span class='ocrx_word' id='word_1_149' title='bbox 432 1615 487 1651; x_wconf 91' lang='lat' dir='ltr'><strong>De</strong></span> <span class='ocrx_word' id='word_1_150' title='bbox 503 1616 669 1651; x_wconf 85' lang='lat' dir='ltr'><strong>vocabulo</strong></span> <span class='ocrx_word' id='word_1_151' title='bbox 678 1618 853 1654; x_wconf 64' lang='lat' dir='ltr'><strong>reddebas,</strong></span> 
     </span>
     <span class='ocr_line' id='line_1_29' title="bbox 184 1665 860 1712; baseline 0.003 -13"><span class='ocrx_word' id='word_1_152' title='bbox 184 1665 351 1701; x_wconf 85' lang='lat' dir='ltr'><strong>Heinsius</strong></span> <span class='ocrx_word' id='word_1_153' title='bbox 363 1667 421 1712; x_wconf 82' lang='lat' dir='ltr'><strong>qui</strong></span> <span class='ocrx_word' id='word_1_154' title='bbox 433 1667 468 1702; x_wconf 83' lang='lat' dir='ltr'><strong>id</strong></span> <span class='ocrx_word' id='word_1_155' title='bbox 479 1667 578 1702; x_wconf 85' lang='lat' dir='ltr'><strong>valde</strong></span> <span class='ocrx_word' id='word_1_156' title='bbox 592 1668 729 1702; x_wconf 86' lang='lat' dir='ltr'><strong>amabat</strong></span> <span class='ocrx_word' id='word_1_157' title='bbox 737 1694 747 1711; x_wconf 89' lang='lat'>‚</span> <span class='ocrx_word' id='word_1_158' title='bbox 759 1668 860 1705; x_wconf 79' lang='lat' dir='ltr'><strong>latius</strong></span> 
     </span>
     <span class='ocr_line' id='line_1_30' title="bbox 185 1717 860 1762; baseline 0.006 -12"><span class='ocrx_word' id='word_1_159' title='bbox 185 1717 255 1761; x_wconf 76' lang='lat' dir='ltr'><strong>egit</strong></span> <span class='ocrx_word' id='word_1_160' title='bbox 264 1717 306 1751; x_wconf 81' lang='lat' dir='ltr'><strong>ad</strong></span> <span class='ocrx_word' id='word_1_161' title='bbox 317 1717 565 1762; x_wconf 78' lang='lat' dir='ltr'><strong>Claudianum,</strong></span> <span class='ocrx_word' id='word_1_162' title='bbox 577 1719 770 1762; x_wconf 81' lang='lat' dir='ltr'><strong>XL1v‚66.</strong></span> <span class='ocrx_word' id='word_1_163' title='bbox 779 1720 860 1754; x_wconf 89' lang='lat' dir='ltr'><strong>Hoc</strong></span> 
     </span>
     <span class='ocr_line' id='line_1_31' title="bbox 184 1767 859 1817; baseline 0.006 -15"><span class='ocrx_word' id='word_1_164' title='bbox 184 1767 280 1812; x_wconf 84' lang='lat' dir='ltr'><strong>loco,</strong></span> <span class='ocrx_word' id='word_1_165' title='bbox 296 1771 425 1816; x_wconf 85' lang='lat' dir='ltr'><strong>recepit</strong></span> <span class='ocrx_word' id='word_1_166' title='bbox 440 1784 482 1806; x_wconf 82' lang='lat' dir='ltr'><strong>ex</strong></span> <span class='ocrx_word' id='word_1_167' title='bbox 494 1772 610 1817; x_wconf 83' lang='lat' dir='ltr'><strong>primo</strong></span> <span class='ocrx_word' id='word_1_168' title='bbox 625 1772 859 1807; x_wconf 82' lang='lat' dir='ltr'><strong>Ambrosiano</strong></span> 
     </span>
     <span class='ocr_line' id='line_1_32' title="bbox 187 1822 859 1870; baseline 0.007 -15"><span class='ocrx_word' id='word_1_169' title='bbox 187 1827 222 1855; x_wconf 89' lang='lat' dir='ltr'><strong>et</strong></span> <span class='ocrx_word' id='word_1_170' title='bbox 238 1822 347 1857; x_wconf 84' lang='lat' dir='ltr'><strong>tribus</strong></span> <span class='ocrx_word' id='word_1_171' title='bbox 361 1823 455 1865; x_wconf 75' lang='lat' dir='ltr'><strong>aliis3</strong></span> <span class='ocrx_word' id='word_1_172' title='bbox 478 1825 515 1859; x_wconf 89' lang='lat' dir='ltr'><strong>in</strong></span> <span class='ocrx_word' id='word_1_173' title='bbox 535 1831 684 1870; x_wconf 82' lang='lat' dir='ltr'><strong>quatuor</strong></span> <span class='ocrx_word' id='word_1_174' title='bbox 699 1825 773 1860; x_wconf 83' lang='lat' dir='ltr'><strong>aliis</strong></span> <span class='ocrx_word' id='word_1_175' title='bbox 794 1838 859 1870; x_wconf 80' lang='lat' dir='ltr'><strong>pro</strong></span> 
     </span>
    </p>
   </div>
   <div class='ocr_carea' id='block_1_12' title="bbox 113 1873 859 1922">
    <p class='ocr_par' dir='ltr' id='par_1_13' title="bbox 113 1873 859 1922">
     <span class='ocr_line' id='line_1_33' title="bbox 113 1873 859 1922; baseline 0.008 -16"><span class='ocrx_word' id='word_1_176' title='bbox 113 1891 118 1895; x_wconf 91' lang='lat'><em>-</em></span> <span class='ocrx_word' id='word_1_177' title='bbox 186 1873 320 1909; x_wconf 82' lang='lat' dir='ltr'><strong>diversa</strong></span> <span class='ocrx_word' id='word_1_178' title='bbox 333 1875 480 1911; x_wconf 86' lang='lat' dir='ltr'><strong>lectione</strong></span> <span class='ocrx_word' id='word_1_179' title='bbox 495 1877 661 1922; x_wconf 84' lang='lat' dir='ltr'><strong>scriptum</strong></span> <span class='ocrx_word' id='word_1_180' title='bbox 675 1884 759 1911; x_wconf 82' lang='lat' dir='ltr'><strong>erat.</strong></span> <span class='ocrx_word' id='word_1_181' title='bbox 777 1876 859 1912; x_wconf 80' lang='lat' dir='ltr'><strong>Cae·</strong></span> 
     </span>
    </p>
   </div>
   <div class='ocr_carea' id='block_1_13' title="bbox 179 1925 900 2701">
    <p class='ocr_par' dir='ltr' id='par_1_14' title="bbox 179 1925 900 2701">
     <span class='ocr_line' id='line_1_34' title="bbox 187 1925 859 1971; baseline 0.007 -12"><span class='ocrx_word' id='word_1_182' title='bbox 187 1926 253 1960; x_wconf 74' lang='lat' dir='ltr'><strong>teri</strong></span> <span class='ocrx_word' id='word_1_183' title='bbox 264 1925 394 1961; x_wconf 70' lang='lat' dir='ltr'><strong>habent</strong></span> <span class='ocrx_word' id='word_1_184' title='bbox 403 1931 548 1971; x_wconf 73' lang='lat' dir='ltr'><strong>repetita,</strong></span> <span class='ocrx_word' id='word_1_185' title='bbox 564 1935 604 1963; x_wconf 86' lang='lat' dir='ltr'><strong>ut</strong></span> <span class='ocrx_word' id='word_1_186' title='bbox 612 1928 702 1962; x_wconf 72' lang='grc' dir='ltr'><strong>ΧΠ</strong></span> <span class='ocrx_word' id='word_1_187' title='bbox 711 1928 859 1964; x_wconf 72' lang='lat' dir='ltr'><strong>Metam.</strong></span> 
     </span>
     <span class='ocr_line' id='line_1_35' title="bbox 186 1980 859 2026; baseline 0.003 -12"><span class='ocrx_word' id='word_1_188' title='bbox 186 1980 225 2015; x_wconf 74' lang='lat'><strong>61</strong></span> <span class='ocrx_word' id='word_1_189' title='bbox 236 1994 248 2014; x_wconf 84' lang='grc' dir='ltr'><strong>ι</strong></span> <span class='ocrx_word' id='word_1_190' title='bbox 268 1994 276 2015; x_wconf 88' lang='lat'>:</span> <span class='ocrx_word' id='word_1_191' title='bbox 294 1995 311 2009; x_wconf 70' lang='grc' dir='ltr'>ι</span> <span class='ocrx_word' id='word_1_192' title='bbox 328 1981 441 2015; x_wconf 87' lang='lat' dir='ltr'><strong>tenuit</strong></span> <span class='ocrx_word' id='word_1_193' title='bbox 455 1981 602 2026; x_wconf 82' lang='lat' dir='ltr'><strong>repetita</strong></span> <span class='ocrx_word' id='word_1_194' title='bbox 617 1981 760 2017; x_wconf 74' lang='lat' dir='ltr'><strong>Latinus</strong></span> <span class='ocrx_word' id='word_1_195' title='bbox 777 1982 859 2016; x_wconf 89' lang='lat' dir='ltr'><strong>No—</strong></span> 
     </span>
     <span class='ocr_line' id='line_1_36' title="bbox 188 2031 861 2078; baseline 0.003 -13"><span class='ocrx_word' id='word_1_196' title='bbox 188 2045 206 2060; x_wconf 79' lang='lat'><strong>»</strong></span> <span class='ocrx_word' id='word_1_197' title='bbox 222 2031 317 2065; x_wconf 83' lang='lat' dir='ltr'><strong>mina</strong></span> <span class='ocrx_word' id='word_1_198' title='bbox 329 2058 339 2075; x_wconf 90' lang='lat'>,</span> <span class='ocrx_word' id='word_1_199' title='bbox 356 2047 373 2061; x_wconf 71' lang='grc' dir='ltr'><strong>»ι</strong></span> <span class='ocrx_word' id='word_1_200' title='bbox 390 2045 602 2078; x_wconf 84' lang='lat' dir='ltr'><strong>quamquam</strong></span> <span class='ocrx_word' id='word_1_201' title='bbox 620 2040 656 2067; x_wconf 93' lang='lat' dir='ltr'><strong>et</strong></span> <span class='ocrx_word' id='word_1_202' title='bbox 673 2033 719 2067; x_wconf 88' lang='lat' dir='ltr'><strong>ibi</strong></span> <span class='ocrx_word' id='word_1_203' title='bbox 737 2033 861 2067; x_wconf 85' lang='lat' dir='ltr'><strong>Heius.</strong></span> 
     </span>
     <span class='ocr_line' id='line_1_37' title="bbox 186 2083 860 2128; baseline 0.003 -12"><span class='ocrx_word' id='word_1_204' title='bbox 186 2094 205 2116; x_wconf 93' lang='lat' dir='ltr'><strong>e</strong></span> <span class='ocrx_word' id='word_1_205' title='bbox 226 2083 373 2127; x_wconf 66' lang='lat' dir='ltr'><strong>conjeci.</strong></span> <span class='ocrx_word' id='word_1_206' title='bbox 394 2084 543 2118; x_wconf 86' lang='lat' dir='ltr'><strong>alterum</strong></span> <span class='ocrx_word' id='word_1_207' title='bbox 565 2084 712 2118; x_wconf 74' lang='lat' dir='ltr'><strong>volebat⁴</strong></span> <span class='ocrx_word' id='word_1_208' title='bbox 736 2084 836 2118; x_wconf 80' lang='lat' dir='ltr'><strong>Idem</strong></span> <span class='ocrx_word' id='word_1_209' title='bbox 849 2110 860 2128; x_wconf 86' lang='lat'><strong>,</strong></span> 
     </span>
     <span class='ocr_line' id='line_1_38' title="bbox 185 2135 862 2180; baseline 0.003 -10"><span class='ocrx_word' id='word_1_210' title='bbox 185 2135 339 2172; x_wconf 81' lang='lat' dir='ltr'><strong>hocloco</strong></span> <span class='ocrx_word' id='word_1_211' title='bbox 352 2164 362 2180; x_wconf 86' lang='lat'>‚</span> <span class='ocrx_word' id='word_1_212' title='bbox 385 2144 499 2172; x_wconf 89' lang='lat' dir='ltr'><strong>totum</strong></span> <span class='ocrx_word' id='word_1_213' title='bbox 514 2151 653 2173; x_wconf 83' lang='lat' dir='ltr'><strong>versum</strong></span> <span class='ocrx_word' id='word_1_214' title='bbox 668 2138 715 2173; x_wconf 84' lang='lat' dir='ltr'><strong>sic</strong></span> <span class='ocrx_word' id='word_1_215' title='bbox 730 2139 862 2173; x_wconf 90' lang='lat' dir='ltr'><strong>consti-</strong></span> 
     </span>
     <span class='ocr_line' id='line_1_39' title="bbox 186 2188 861 2235; baseline 0.003 -13"><span class='ocrx_word' id='word_1_216' title='bbox 186 2188 359 2223; x_wconf 86' lang='lat' dir='ltr'><strong>tuendum</strong></span> <span class='ocrx_word' id='word_1_217' title='bbox 380 2190 523 2235; x_wconf 82' lang='lat' dir='ltr'><strong>putabat</strong></span> <span class='ocrx_word' id='word_1_218' title='bbox 539 2203 548 2224; x_wconf 77' lang='lat' dir='ltr'><em>z</em></span> <span class='ocrx_word' id='word_1_219' title='bbox 564 2192 687 2224; x_wconf 81' lang='lat' dir='ltr'><em>Edidit</em></span> <span class='ocrx_word' id='word_1_220' title='bbox 704 2193 763 2224; x_wconf 78' lang='lat' dir='ltr'><strong>ille</strong></span> <span class='ocrx_word' id='word_1_221' title='bbox 783 2192 861 2225; x_wconf 87' lang='lat' dir='ltr'><strong>Ca-</strong></span> 
     </span>
     <span class='ocr_line' id='line_1_40' title="bbox 179 2242 859 2286; baseline 0.004 -12"><span class='ocrx_word' id='word_1_222' title='bbox 179 2253 267 2286; x_wconf 76' lang='lat' dir='ltr'><strong>pyn,</strong></span> <span class='ocrx_word' id='word_1_223' title='bbox 290 2244 437 2276; x_wconf 61' lang='lat' dir='ltr'><strong>miden</strong></span> <span class='ocrx_word' id='word_1_224' title='bbox 451 2244 617 2276; x_wconf 82' lang='lat' dir='ltr'><strong>wcabula</strong></span> <span class='ocrx_word' id='word_1_225' title='bbox 637 2243 766 2286; x_wconf 76' lang='lat' dir='ltr'><strong>ije,</strong></span> <span class='ocrx_word' id='word_1_226' title='bbox 784 2242 859 2277; x_wconf 85' lang='lat' dir='ltr'><strong>vel:</strong></span> 
     </span>
     <span class='ocr_line' id='line_1_41' title="bbox 183 2293 861 2339; baseline 0.004 -15"><span class='ocrx_word' id='word_1_227' title='bbox 183 2293 249 2325; x_wconf 85' lang='lat' dir='ltr'><strong>Ille</strong></span> <span class='ocrx_word' id='word_1_228' title='bbox 265 2293 379 2339; x_wconf 74' lang='lat' dir='ltr'><strong>Capyn</strong></span> <span class='ocrx_word' id='word_1_229' title='bbox 393 2294 635 2337; x_wconf 56' lang='lat' dir='ltr'><strong>‘eumz—Pro</strong></span> <span class='ocrx_word' id='word_1_230' title='bbox 654 2295 791 2337; x_wconf 80' lang='lat' dir='ltr'><strong>Calpete</strong></span> <span class='ocrx_word' id='word_1_231' title='bbox 805 2293 861 2328; x_wconf 85' lang='lat' dir='ltr'><strong>hic</strong></span> 
     </span>
     <span class='ocr_line' id='line_1_42' title="bbox 184 2343 859 2390; baseline 0.004 -14"><span class='ocrx_word' id='word_1_232' title='bbox 184 2349 221 2376; x_wconf 87' lang='lat' dir='ltr'><strong>et</strong></span> <span class='ocrx_word' id='word_1_233' title='bbox 231 2343 319 2378; x_wconf 85' lang='lat' dir='ltr'><strong>XIV</strong></span> <span class='ocrx_word' id='word_1_234' title='bbox 334 2345 480 2379; x_wconf 86' lang='lat' dir='ltr'><strong>Metam.</strong></span> <span class='ocrx_word' id='word_1_235' title='bbox 494 2346 559 2380; x_wconf 77' lang='lat'><strong>613</strong></span> <span class='ocrx_word' id='word_1_236' title='bbox 569 2371 579 2388; x_wconf 84' lang='lat'>,</span> <span class='ocrx_word' id='word_1_237' title='bbox 599 2347 739 2390; x_wconf 80' lang='lat' dir='ltr'><strong>Capetc,</strong></span> <span class='ocrx_word' id='word_1_238' title='bbox 756 2351 859 2390; x_wconf 84' lang='lat' dir='ltr'><strong>atque</strong></span> 
     </span>
     <span class='ocr_line' id='line_1_43' title="bbox 184 2395 861 2443; baseline 0.006 -15"><span class='ocrx_word' id='word_1_239' title='bbox 184 2395 233 2428; x_wconf 86' lang='lat' dir='ltr'><strong>ita</strong></span> <span class='ocrx_word' id='word_1_240' title='bbox 242 2402 277 2429; x_wconf 92' lang='lat' dir='ltr'><strong>et</strong></span> <span class='ocrx_word' id='word_1_241' title='bbox 284 2395 400 2431; x_wconf 72' lang='lat' dir='ltr'><strong>Livius</strong></span> <span class='ocrx_word' id='word_1_242' title='bbox 409 2397 486 2438; x_wconf 85' lang='lat' dir='ltr'><strong>;sed</strong></span> <span class='ocrx_word' id='word_1_243' title='bbox 495 2397 638 2443; x_wconf 79' lang='lat' dir='ltr'><strong>Neapol.</strong></span> <span class='ocrx_word' id='word_1_244' title='bbox 646 2397 749 2431; x_wconf 84' lang='lat' dir='ltr'><strong>metri</strong></span> <span class='ocrx_word' id='word_1_245' title='bbox 760 2410 861 2432; x_wconf 78' lang='lat' dir='ltr'><strong>causa</strong></span> 
     </span>
     <span class='ocr_line' id='line_1_44' title="bbox 185 2446 862 2497; baseline 0.004 -16"><span class='ocrx_word' id='word_1_246' title='bbox 185 2446 252 2481; x_wconf 86' lang='lat' dir='ltr'><strong>hoe</strong></span> <span class='ocrx_word' id='word_1_247' title='bbox 266 2447 342 2482; x_wconf 91' lang='lat' dir='ltr'><strong>loco</strong></span> <span class='ocrx_word' id='word_1_248' title='bbox 359 2461 379 2482; x_wconf 90' lang='lat' dir='ltr'><strong>e</strong></span> <span class='ocrx_word' id='word_1_249' title='bbox 396 2448 566 2497; x_wconf 83' lang='lat' dir='ltr'><strong>Dionysio</strong></span> <span class='ocrx_word' id='word_1_250' title='bbox 584 2457 620 2484; x_wconf 88' lang='lat' dir='ltr'><strong>et</strong></span> <span class='ocrx_word' id='word_1_251' title='bbox 636 2449 789 2484; x_wconf 85' lang='lat' dir='ltr'><strong>Eusebio</strong></span> <span class='ocrx_word' id='word_1_252' title='bbox 804 2450 862 2483; x_wconf 86' lang='lat' dir='ltr'><strong>in·-</strong></span> 
     </span>
     <span class='ocr_line' id='line_1_45' title="bbox 185 2498 861 2546; baseline 0.009 -15"><span class='ocrx_word' id='word_1_253' title='bbox 185 2498 275 2533; x_wconf 83' lang='lat' dir='ltr'><strong>vexit</strong></span> <span class='ocrx_word' id='word_1_254' title='bbox 290 2499 477 2544; x_wconf 69' lang='lat' dir='ltr'><strong>Calpete.-—</strong></span> <span class='ocrx_word' id='word_1_255' title='bbox 484 2503 596 2537; x_wconf 80' lang='lat' dir='ltr'><strong>Tusca</strong></span> <span class='ocrx_word' id='word_1_256' title='bbox 609 2515 716 2546; x_wconf 76' lang='lat' dir='ltr'><strong>aqua,</strong></span> <span class='ocrx_word' id='word_1_257' title='bbox 735 2502 861 2537; x_wconf 81' lang='lat' dir='ltr'><strong>Albula</strong></span> 
     </span>
     <span class='ocr_line' id='line_1_46' title="bbox 185 2549 862 2596; baseline 0.009 -13"><span class='ocrx_word' id='word_1_258' title='bbox 185 2549 328 2594; x_wconf 84' lang='lat' dir='ltr'><strong>fluvius,</strong></span> <span class='ocrx_word' id='word_1_259' title='bbox 348 2552 408 2596; x_wconf 87' lang='lat' dir='ltr'><strong>qui</strong></span> <span class='ocrx_word' id='word_1_260' title='bbox 419 2552 501 2588; x_wconf 81' lang='lat' dir='ltr'><strong>inde</strong></span> <span class='ocrx_word' id='word_1_261' title='bbox 513 2553 650 2589; x_wconf 86' lang='lat' dir='ltr'><strong>Tiberis</strong></span> <span class='ocrx_word' id='word_1_262' title='bbox 660 2566 791 2588; x_wconf 87' lang='lat' dir='ltr'><strong>nomen</strong></span> <span class='ocrx_word' id='word_1_263' title='bbox 804 2567 862 2589; x_wconf 87' lang='lat' dir='ltr'><strong>ac-</strong></span> 
     </span>
     <span class='ocr_line' id='line_1_47' title="bbox 185 2602 900 2654; baseline 0.008 -19"><span class='ocrx_word' id='word_1_264' title='bbox 185 2602 274 2646; x_wconf 84' lang='lat' dir='ltr'><strong>cepit</strong></span> <span class='ocrx_word' id='word_1_265' title='bbox 288 2616 297 2642; x_wconf 83' lang='lat'><strong>;</strong></span> <span class='ocrx_word' id='word_1_266' title='bbox 321 2602 442 2638; x_wconf 75' lang='lat' dir='ltr'><strong>confer</strong></span> <span class='ocrx_word' id='word_1_267' title='bbox 458 2604 515 2648; x_wconf 92' lang='lat'><strong>11,</strong></span> <span class='ocrx_word' id='word_1_268' title='bbox 532 2606 608 2654; x_wconf 78' lang='lat'><strong>389.</strong></span> <span class='ocrx_word' id='word_1_269' title='bbox 621 2607 773 2641; x_wconf 87' lang='lat' dir='ltr'><strong>——Vers.</strong></span> <span class='ocrx_word' id='word_1_270' title='bbox 795 2620 863 2641; x_wconf 88' lang='lat' dir='ltr'><strong>an—</strong></span> <span class='ocrx_word' id='word_1_271' title='bbox 878 2632 900 2651; x_wconf 61' lang='lat'><em>0</em></span> 
     </span>
     <span class='ocr_line' id='line_1_48' title="bbox 186 2653 861 2701; baseline 0.01 -14"><span class='ocrx_word' id='word_1_272' title='bbox 186 2653 348 2689; x_wconf 84' lang='lat' dir='ltr'><strong>tecedens</strong></span> <span class='ocrx_word' id='word_1_273' title='bbox 356 2680 366 2699; x_wconf 89' lang='lat'><em>,</em></span> <span class='ocrx_word' id='word_1_274' title='bbox 382 2656 550 2701; x_wconf 74' lang='lat' dir='ltr'><strong>Quumque</strong></span> <span class='ocrx_word' id='word_1_275' title='bbox 552 2661 664 2701; x_wconf 62' lang='lat' dir='ltr'><strong>palnssr</strong></span> <span class='ocrx_word' id='word_1_276' title='bbox 676 2665 739 2694; x_wconf 85' lang='lat' dir='ltr'><strong>etc.</strong></span> <span class='ocrx_word' id='word_1_277' title='bbox 751 2658 861 2693; x_wconf 85' lang='lat' dir='ltr'><strong>Hein-</strong></span> 
     </span>
    </p>
   </div>
   <div class='ocr_carea' id='block_1_14' title="bbox 923 988 1609 2704">
    <p class='ocr_par' dir='ltr' id='par_1_15' title="bbox 925 988 1609 1240">
     <span class='ocr_line' id='line_1_49' title="bbox 926 988 1609 1032; baseline 0.003 -10"><span class='ocrx_word' id='word_1_278' title='bbox 926 988 976 1023; x_wconf 82' lang='lat' dir='ltr'><strong>sio</strong></span> <span class='ocrx_word' id='word_1_279' title='bbox 989 1001 1054 1023; x_wconf 89' lang='lat' dir='ltr'><strong>nec</strong></span> <span class='ocrx_word' id='word_1_280' title='bbox 1070 989 1139 1032; x_wconf 87' lang='lat' dir='ltr'><strong>sic,</strong></span> <span class='ocrx_word' id='word_1_281' title='bbox 1157 1003 1224 1024; x_wconf 88' lang='lat' dir='ltr'><strong>nec</strong></span> <span class='ocrx_word' id='word_1_282' title='bbox 1243 996 1283 1023; x_wconf 91' lang='lat' dir='ltr'><strong>ut</strong></span> <span class='ocrx_word' id='word_1_283' title='bbox 1304 989 1342 1023; x_wconf 84' lang='lat' dir='ltr'><strong>in</strong></span> <span class='ocrx_word' id='word_1_284' title='bbox 1366 989 1484 1024; x_wconf 83' lang='lat' dir='ltr'><strong>multis</strong></span> <span class='ocrx_word' id='word_1_285' title='bbox 1505 989 1609 1024; x_wconf 67' lang='lat' dir='ltr'><strong>MSS</strong></span> 
     </span>
     <span class='ocr_line' id='line_1_50' title="bbox 925 1039 1606 1085; baseline 0.001 -12"><span class='ocrx_word' id='word_1_286' title='bbox 925 1039 1051 1085; x_wconf 86' lang='lat' dir='ltr'><strong>legitur</strong></span> <span class='ocrx_word' id='word_1_287' title='bbox 1062 1066 1072 1083; x_wconf 89' lang='lat'>,</span> <span class='ocrx_word' id='word_1_288' title='bbox 1085 1041 1269 1085; x_wconf 75' lang='lat' dir='ltr'><strong>Accrpiens</strong></span> <span class='ocrx_word' id='word_1_289' title='bbox 1279 1054 1415 1085; x_wconf 76' lang='lat' dir='ltr'><strong>regnum</strong></span> <span class='ocrx_word' id='word_1_290' title='bbox 1423 1048 1505 1085; x_wconf 79' lang='lat' dir='ltr'><strong>post</strong></span> <span class='ocrx_word' id='word_1_291' title='bbox 1516 1044 1606 1075; x_wconf 84' lang='lat' dir='ltr'><strong>hunc</strong></span> 
     </span>
     <span class='ocr_line' id='line_1_51' title="bbox 931 1092 1603 1133; baseline 0.003 -9"><span class='ocrx_word' id='word_1_292' title='bbox 931 1092 1106 1126; x_wconf 81' lang='lat' dir='ltr'><strong>Tiberinus</strong></span> <span class='ocrx_word' id='word_1_293' title='bbox 1126 1095 1170 1126; x_wconf 85' lang='lat' dir='ltr'><strong>ab</strong></span> <span class='ocrx_word' id='word_1_294' title='bbox 1192 1095 1274 1133; x_wconf 82' lang='lat' dir='ltr'><strong>illo,</strong></span> <span class='ocrx_word' id='word_1_295' title='bbox 1302 1093 1409 1127; x_wconf 89' lang='lat' dir='ltr'><strong>nitori</strong></span> <span class='ocrx_word' id='word_1_296' title='bbox 1426 1092 1603 1128; x_wconf 79' lang='lat' dir='ltr'><strong>Ovidiano</strong></span> 
     </span>
     <span class='ocr_line' id='line_1_52' title="bbox 926 1143 1603 1191; baseline 0.004 -14"><span class='ocrx_word' id='word_1_297' title='bbox 926 1143 1138 1189; x_wconf 90' lang='lat' dir='ltr'><strong>respondere</strong></span> <span class='ocrx_word' id='word_1_298' title='bbox 1154 1144 1355 1188; x_wconf 78' lang='lat' dir='ltr'><strong>videbatur,</strong></span> <span class='ocrx_word' id='word_1_299' title='bbox 1373 1145 1439 1180; x_wconf 84' lang='lat' dir='ltr'><strong>nisi</strong></span> <span class='ocrx_word' id='word_1_300' title='bbox 1460 1146 1603 1191; x_wconf 84' lang='lat' dir='ltr'><strong>legere-</strong></span> 
     </span>
     <span class='ocr_line' id='line_1_53' title="bbox 926 1195 1575 1240; baseline 0.006 -13"><span class='ocrx_word' id='word_1_301' title='bbox 926 1201 984 1228; x_wconf 88' lang='lat' dir='ltr'><strong>tur</strong></span> <span class='ocrx_word' id='word_1_302' title='bbox 992 1207 1001 1228; x_wconf 74' lang='grc' dir='ltr'>ε</span> <span class='ocrx_word' id='word_1_303' title='bbox 1014 1195 1051 1229; x_wconf 86' lang='lat' dir='ltr'><em>A</em></span> <span class='ocrx_word' id='word_1_304' title='bbox 1051 1199 1199 1240; x_wconf 79' lang='lat' dir='ltr'><strong>ccipiens</strong></span> <span class='ocrx_word' id='word_1_305' title='bbox 1207 1221 1215 1228; x_wconf 89' lang='lat'><em>.</em></span> <span class='ocrx_word' id='word_1_306' title='bbox 1223 1223 1231 1231; x_wconf 92' lang='lat'><em>.</em></span> <span class='ocrx_word' id='word_1_307' title='bbox 1239 1224 1248 1231; x_wconf 90' lang='lat'><strong><em>.</em></strong></span> <span class='ocrx_word' id='word_1_308' title='bbox 1257 1198 1432 1231; x_wconf 75' lang='lat' dir='ltr'><strong>Tiberinus</strong></span> <span class='ocrx_word' id='word_1_309' title='bbox 1440 1200 1575 1231; x_wconf 69' lang='lat' dir='ltr'><strong>avitum.</strong></span> 
     </span>
    </p>

    <p class='ocr_par' dir='ltr' id='par_1_16' title="bbox 923 1246 1609 2589">
     <span class='ocr_line' id='line_1_54' title="bbox 967 1246 1604 1293; baseline 0.005 -13"><span class='ocrx_word' id='word_1_310' title='bbox 967 1248 1021 1293; x_wconf 69' lang='lat'><strong>49.</strong></span> <span class='ocrx_word' id='word_1_311' title='bbox 1033 1246 1089 1281; x_wconf 89' lang='lat' dir='ltr'><strong>De</strong></span> <span class='ocrx_word' id='word_1_312' title='bbox 1098 1248 1252 1292; x_wconf 67' lang='lat' dir='ltr'><strong>Agrippa</strong></span> <span class='ocrx_word' id='word_1_313' title='bbox 1264 1255 1300 1282; x_wconf 84' lang='lat' dir='ltr'><strong>et</strong></span> <span class='ocrx_word' id='word_1_314' title='bbox 1309 1250 1451 1282; x_wconf 72' lang='lat' dir='ltr'><strong>Remulo</strong></span> <span class='ocrx_word' id='word_1_315' title='bbox 1460 1255 1520 1282; x_wconf 86' lang='lat' dir='ltr'><strong>aut</strong></span> <span class='ocrx_word' id='word_1_316' title='bbox 1533 1250 1604 1282; x_wconf 85' lang='lat' dir='ltr'><strong>Bo-</strong></span> 
     </span>
     <span class='ocr_line' id='line_1_55' title="bbox 925 1298 1605 1346; baseline 0.006 -15"><span class='ocrx_word' id='word_1_317' title='bbox 925 1301 1013 1331; x_wconf 84' lang='lat' dir='ltr'><strong>mulo</strong></span> <span class='ocrx_word' id='word_1_318' title='bbox 1024 1298 1073 1333; x_wconf 90' lang='lat' dir='ltr'><strong>sic</strong></span> <span class='ocrx_word' id='word_1_319' title='bbox 1085 1299 1192 1333; x_wconf 88' lang='lat' dir='ltr'><strong>etiam</strong></span> <span class='ocrx_word' id='word_1_320' title='bbox 1202 1299 1319 1334; x_wconf 85' lang='lat' dir='ltr'><strong>Livius</strong></span> <span class='ocrx_word' id='word_1_321' title='bbox 1332 1312 1340 1334; x_wconf 89' lang='lat'><strong>:</strong></span> <span class='ocrx_word' id='word_1_322' title='bbox 1353 1315 1370 1330; x_wconf 69' lang='grc' dir='ltr'><strong><em>κ</em></strong></span> <span class='ocrx_word' id='word_1_323' title='bbox 1384 1300 1536 1346; x_wconf 84' lang='lat' dir='ltr'>Agrippa</span> <span class='ocrx_word' id='word_1_324' title='bbox 1547 1301 1605 1335; x_wconf 88' lang='lat' dir='ltr'><strong>in-</strong></span> 
     </span>
     <span class='ocr_line' id='line_1_56' title="bbox 926 1349 1604 1399; baseline 0.007 -16"><span class='ocrx_word' id='word_1_325' title='bbox 926 1364 944 1379; x_wconf 80' lang='lat'>»</span> <span class='ocrx_word' id='word_1_326' title='bbox 959 1349 1020 1392; x_wconf 86' lang='lat' dir='ltr'><strong>de,</strong></span> <span class='ocrx_word' id='word_1_327' title='bbox 1030 1350 1190 1386; x_wconf 81' lang='lat' dir='ltr'><strong>Tiberini</strong></span> <span class='ocrx_word' id='word_1_328' title='bbox 1202 1351 1310 1394; x_wconf 80' lang='lat' dir='ltr'><strong>filius;</strong></span> <span class='ocrx_word' id='word_1_329' title='bbox 1326 1359 1403 1398; x_wconf 86' lang='lat' dir='ltr'><strong>post</strong></span> <span class='ocrx_word' id='word_1_330' title='bbox 1410 1354 1604 1399; x_wconf 80' lang='lat' dir='ltr'><strong>Agrippam</strong></span> 
     </span>
     <span class='ocr_line' id='line_1_57' title="bbox 926 1403 1603 1452; baseline 0.009 -16"><span class='ocrx_word' id='word_1_331' title='bbox 926 1417 944 1432; x_wconf 85' lang='lat'><strong>»</strong></span> <span class='ocrx_word' id='word_1_332' title='bbox 963 1403 1135 1439; x_wconf 83' lang='lat' dir='ltr'><strong>Romulus</strong></span> <span class='ocrx_word' id='word_1_333' title='bbox 1149 1404 1276 1439; x_wconf 82' lang='lat' dir='ltr'><strong>Silvius</strong></span> <span class='ocrx_word' id='word_1_334' title='bbox 1287 1432 1298 1449; x_wconf 91' lang='lat'>,</span> <span class='ocrx_word' id='word_1_335' title='bbox 1315 1419 1333 1440; x_wconf 88' lang='lat' dir='ltr'><strong>a</strong></span> <span class='ocrx_word' id='word_1_336' title='bbox 1348 1413 1446 1451; x_wconf 86' lang='lat' dir='ltr'><strong>patre</strong></span> <span class='ocrx_word' id='word_1_337' title='bbox 1462 1414 1603 1452; x_wconf 77' lang='lat' dir='ltr'><strong>accepto</strong></span> 
     </span>
     <span class='ocr_line' id='line_1_58' title="bbox 926 1455 1604 1505; baseline 0.006 -16"><span class='ocrx_word' id='word_1_338' title='bbox 926 1469 944 1485; x_wconf 72' lang='grc' dir='ltr'><em>ν</em></span> <span class='ocrx_word' id='word_1_339' title='bbox 961 1455 1128 1501; x_wconf 83' lang='lat' dir='ltr'><strong>imperio,</strong></span> <span class='ocrx_word' id='word_1_340' title='bbox 1145 1465 1278 1503; x_wconf 77' lang='lat' dir='ltr'><strong>regnat.</strong></span> <span class='ocrx_word' id='word_1_341' title='bbox 1291 1472 1308 1487; x_wconf 68' lang='grc' dir='ltr'><strong>»ι</strong></span> <span class='ocrx_word' id='word_1_342' title='bbox 1326 1458 1516 1505; x_wconf 77' lang='lat' dir='ltr'><strong>Dionysius</strong></span> <span class='ocrx_word' id='word_1_343' title='bbox 1530 1459 1604 1493; x_wconf 84' lang='lat' dir='ltr'><strong>Re-</strong></span> 
     </span>
     <span class='ocr_line' id='line_1_59' title="bbox 924 1508 1602 1552; baseline 0.006 -11"><span class='ocrx_word' id='word_1_344' title='bbox 924 1508 1062 1542; x_wconf 86' lang='lat' dir='ltr'><strong>mulum</strong></span> <span class='ocrx_word' id='word_1_345' title='bbox 1072 1510 1233 1543; x_wconf 79' lang='lat' dir='ltr'><strong>Alladem</strong></span> <span class='ocrx_word' id='word_1_346' title='bbox 1248 1516 1348 1544; x_wconf 84' lang='lat' dir='ltr'><strong>vocat</strong></span> <span class='ocrx_word' id='word_1_347' title='bbox 1357 1536 1367 1552; x_wconf 93' lang='lat'><strong>‚</strong></span> <span class='ocrx_word' id='word_1_348' title='bbox 1384 1523 1450 1545; x_wconf 89' lang='lat' dir='ltr'><strong>nec</strong></span> <span class='ocrx_word' id='word_1_349' title='bbox 1461 1523 1602 1545; x_wconf 86' lang='lat' dir='ltr'><strong>memo-</strong></span> 
     </span>
     <span class='ocr_line' id='line_1_60' title="bbox 924 1561 1602 1606; baseline 0.006 -12"><span class='ocrx_word' id='word_1_350' title='bbox 924 1567 978 1595; x_wconf 86' lang='lat' dir='ltr'><strong>rat</strong></span> <span class='ocrx_word' id='word_1_351' title='bbox 990 1561 1088 1606; x_wconf 81' lang='lat' dir='ltr'><strong>cujus</strong></span> <span class='ocrx_word' id='word_1_352' title='bbox 1100 1562 1191 1596; x_wconf 81' lang='lat' dir='ltr'><strong>filius</strong></span> <span class='ocrx_word' id='word_1_353' title='bbox 1206 1562 1321 1597; x_wconf 81' lang='lat' dir='ltr'><strong>suerit.</strong></span> <span class='ocrx_word' id='word_1_354' title='bbox 1333 1563 1404 1598; x_wconf 86' lang='lat' dir='ltr'><strong>Sed</strong></span> <span class='ocrx_word' id='word_1_355' title='bbox 1421 1564 1571 1598; x_wconf 83' lang='lat' dir='ltr'><strong>Ovidius</strong></span> <span class='ocrx_word' id='word_1_356' title='bbox 1584 1577 1602 1598; x_wconf 86' lang='lat' dir='ltr'><strong>a</strong></span> 
     </span>
     <span class='ocr_line' id='line_1_61' title="bbox 924 1613 1600 1659; baseline 0.006 -12"><span class='ocrx_word' id='word_1_357' title='bbox 924 1626 959 1647; x_wconf 86' lang='lat' dir='ltr'><strong>se</strong></span> <span class='ocrx_word' id='word_1_358' title='bbox 981 1613 1054 1658; x_wconf 89' lang='lat' dir='ltr'><strong>ipso</strong></span> <span class='ocrx_word' id='word_1_359' title='bbox 1071 1615 1161 1649; x_wconf 90' lang='lat' dir='ltr'><strong>XIV</strong></span> <span class='ocrx_word' id='word_1_360' title='bbox 1178 1615 1324 1650; x_wconf 74' lang='lat' dir='ltr'><strong>Metam.</strong></span> <span class='ocrx_word' id='word_1_361' title='bbox 1342 1615 1408 1649; x_wconf 75' lang='lat'><strong>616</strong></span> <span class='ocrx_word' id='word_1_362' title='bbox 1424 1615 1600 1659; x_wconf 73' lang='lat' dir='ltr'><strong>dissentit,</strong></span> 
     </span>
     <span class='ocr_line' id='line_1_62' title="bbox 924 1666 1603 1711; baseline 0.004 -11"><span class='ocrx_word' id='word_1_363' title='bbox 924 1666 983 1700; x_wconf 92' lang='lat' dir='ltr'><strong>ubi</strong></span> <span class='ocrx_word' id='word_1_364' title='bbox 997 1667 1167 1702; x_wconf 81' lang='lat' dir='ltr'><strong>Remulus</strong></span> <span class='ocrx_word' id='word_1_365' title='bbox 1180 1675 1215 1702; x_wconf 87' lang='lat' dir='ltr'><strong>et</strong></span> <span class='ocrx_word' id='word_1_366' title='bbox 1227 1668 1356 1703; x_wconf 83' lang='lat' dir='ltr'><strong>Acrota</strong></span> <span class='ocrx_word' id='word_1_367' title='bbox 1365 1675 1447 1702; x_wconf 87' lang='lat' dir='ltr'><strong>sunt</strong></span> <span class='ocrx_word' id='word_1_368' title='bbox 1456 1669 1579 1703; x_wconf 80' lang='lat' dir='ltr'><strong>fratres</strong></span> <span class='ocrx_word' id='word_1_369' title='bbox 1590 1695 1603 1711; x_wconf 84' lang='lat'>‚</span> 
     </span>
     <span class='ocr_line' id='line_1_63' title="bbox 925 1719 1601 1765; baseline 0.003 -12"><span class='ocrx_word' id='word_1_370' title='bbox 925 1719 1082 1755; x_wconf 86' lang='lat' dir='ltr'><strong>Tiberini</strong></span> <span class='ocrx_word' id='word_1_371' title='bbox 1098 1720 1168 1756; x_wconf 86' lang='lat' dir='ltr'><strong>filii.</strong></span> <span class='ocrx_word' id='word_1_372' title='bbox 1182 1721 1353 1756; x_wconf 83' lang='lat' dir='ltr'><strong>Remulus</strong></span> <span class='ocrx_word' id='word_1_373' title='bbox 1368 1728 1453 1756; x_wconf 88' lang='lat' dir='ltr'><strong>natu</strong></span> <span class='ocrx_word' id='word_1_374' title='bbox 1467 1722 1581 1765; x_wconf 75' lang='lat' dir='ltr'><strong>maior</strong></span> <span class='ocrx_word' id='word_1_375' title='bbox 1591 1748 1601 1764; x_wconf 91' lang='lat'><strong><em>‚</em></strong></span> 
     </span>
     <span class='ocr_line' id='line_1_64' title="bbox 924 1771 1600 1818; baseline 0.001 -12"><span class='ocrx_word' id='word_1_376' title='bbox 924 1771 1032 1806; x_wconf 88' lang='lat' dir='ltr'><strong>homo</strong></span> <span class='ocrx_word' id='word_1_377' title='bbox 1057 1772 1152 1807; x_wconf 84' lang='lat' dir='ltr'><strong>ferox</strong></span> <span class='ocrx_word' id='word_1_378' title='bbox 1170 1799 1180 1815; x_wconf 87' lang='lat'>,</span> <span class='ocrx_word' id='word_1_379' title='bbox 1208 1773 1305 1818; x_wconf 80' lang='lat' dir='ltr'><strong>prior</strong></span> <span class='ocrx_word' id='word_1_380' title='bbox 1325 1779 1449 1818; x_wconf 85' lang='lat' dir='ltr'><strong>regnat</strong></span> <span class='ocrx_word' id='word_1_381' title='bbox 1466 1799 1477 1816; x_wconf 88' lang='lat'>,</span> <span class='ocrx_word' id='word_1_382' title='bbox 1499 1773 1600 1818; x_wconf 87' lang='lat' dir='ltr'><strong>eique</strong></span> 
     </span>
     <span class='ocr_line' id='line_1_65' title="bbox 923 1823 1600 1870; baseline 0.001 -13"><span class='ocrx_word' id='word_1_383' title='bbox 923 1823 1075 1858; x_wconf 76' lang='lat' dir='ltr'><strong>succedit</strong></span> <span class='ocrx_word' id='word_1_384' title='bbox 1092 1824 1307 1859; x_wconf 79' lang='lat' dir='ltr'><strong>moderatior</strong></span> <span class='ocrx_word' id='word_1_385' title='bbox 1320 1825 1460 1860; x_wconf 88' lang='lat' dir='ltr'><strong>Acrota.</strong></span> <span class='ocrx_word' id='word_1_386' title='bbox 1477 1825 1600 1870; x_wconf 87' lang='lat' dir='ltr'><strong>Itaque</strong></span> 
     </span>
     <span class='ocr_line' id='line_1_66' title="bbox 925 1876 1602 1913; baseline 0 -2"><span class='ocrx_word' id='word_1_387' title='bbox 925 1876 1126 1912; x_wconf 81' lang='lat' dir='ltr'><strong>Gronovius</strong></span> <span class='ocrx_word' id='word_1_388' title='bbox 1140 1877 1184 1912; x_wconf 88' lang='lat' dir='ltr'><strong>ad</strong></span> <span class='ocrx_word' id='word_1_389' title='bbox 1202 1878 1338 1912; x_wconf 86' lang='lat' dir='ltr'><strong>Livium</strong></span> <span class='ocrx_word' id='word_1_390' title='bbox 1354 1877 1387 1913; x_wconf 86' lang='lat' dir='ltr'><strong>d.</strong></span> <span class='ocrx_word' id='word_1_391' title='bbox 1404 1878 1425 1912; x_wconf 91' lang='lat' dir='ltr'><strong>l.</strong></span> <span class='ocrx_word' id='word_1_392' title='bbox 1439 1877 1534 1913; x_wconf 87' lang='lat' dir='ltr'><strong>hunc</strong></span> <span class='ocrx_word' id='word_1_393' title='bbox 1548 1877 1602 1911; x_wconf 90' lang='lat' dir='ltr'><strong>lo·—</strong></span> 
     </span>
     <span class='ocr_line' id='line_1_67' title="bbox 923 1929 1602 1974; baseline 0.001 -12"><span class='ocrx_word' id='word_1_394' title='bbox 923 1941 1006 1962; x_wconf 91' lang='lat' dir='ltr'><strong>cum</strong></span> <span class='ocrx_word' id='word_1_395' title='bbox 1021 1929 1250 1972; x_wconf 80' lang='lat' dir='ltr'><strong>emendabat,</strong></span> <span class='ocrx_word' id='word_1_396' title='bbox 1262 1931 1500 1974; x_wconf 78' lang='lat' dir='ltr'><strong>Remulumque</strong></span> <span class='ocrx_word' id='word_1_397' title='bbox 1506 1932 1602 1973; x_wconf 79' lang='lat' dir='ltr'><strong>prio-</strong></span> 
     </span>
     <span class='ocr_line' id='line_1_68' title="bbox 923 1981 1604 2026; baseline 0.004 -13"><span class='ocrx_word' id='word_1_398' title='bbox 923 1993 989 2014; x_wconf 83' lang='lat' dir='ltr'><strong>rem</strong></span> <span class='ocrx_word' id='word_1_399' title='bbox 999 1992 1013 2022; x_wconf 88' lang='lat'><strong>,·</strong></span> <span class='ocrx_word' id='word_1_400' title='bbox 1033 1981 1200 2016; x_wconf 82' lang='lat' dir='ltr'><strong>Heinsius</strong></span> <span class='ocrx_word' id='word_1_401' title='bbox 1209 1995 1249 2016; x_wconf 85' lang='lat' dir='ltr'><strong>ve</strong></span> <span class='ocrx_word' id='word_1_402' title='bbox 1254 1994 1294 2016; x_wconf 86' lang='lat' dir='ltr'><strong>ro</strong></span> <span class='ocrx_word' id='word_1_403' title='bbox 1305 1981 1604 2026; x_wconf 72' lang='lat' dir='ltr'><strong>Bmulumquefi-</strong></span> 
     </span>
     <span class='ocr_line' id='line_1_69' title="bbox 923 2033 1604 2079; baseline 0.004 -14"><span class='ocrx_word' id='word_1_404' title='bbox 923 2045 1040 2068; x_wconf 81' lang='lat' dir='ltr'><strong>rocem.</strong></span> <span class='ocrx_word' id='word_1_405' title='bbox 1063 2033 1199 2068; x_wconf 81' lang='lat' dir='ltr'><strong>Verum</strong></span> <span class='ocrx_word' id='word_1_406' title='bbox 1229 2041 1371 2079; x_wconf 83' lang='lat' dir='ltr'><strong>apparet</strong></span> <span class='ocrx_word' id='word_1_407' title='bbox 1392 2060 1402 2077; x_wconf 88' lang='lat'><em>,</em></span> <span class='ocrx_word' id='word_1_408' title='bbox 1429 2033 1604 2069; x_wconf 81' lang='lat' dir='ltr'><strong>Ovidium</strong></span> 
     </span>
     <span class='ocr_line' id='line_1_70' title="bbox 923 2085 1604 2122; baseline 0.003 -5"><span class='ocrx_word' id='word_1_409' title='bbox 923 2096 1020 2119; x_wconf 87' lang='lat' dir='ltr'><strong>nunc</strong></span> <span class='ocrx_word' id='word_1_410' title='bbox 1043 2085 1126 2120; x_wconf 86' lang='lat' dir='ltr'><strong>alios</strong></span> <span class='ocrx_word' id='word_1_411' title='bbox 1152 2095 1309 2122; x_wconf 85' lang='lat' dir='ltr'><strong>auctores</strong></span> <span class='ocrx_word' id='word_1_412' title='bbox 1334 2100 1407 2122; x_wconf 87' lang='lat' dir='ltr'><strong>esse</strong></span> <span class='ocrx_word' id='word_1_413' title='bbox 1431 2094 1604 2122; x_wconf 80' lang='lat' dir='ltr'><strong>secutum.</strong></span> 
     </span>
     <span class='ocr_line' id='line_1_71' title="bbox 926 2135 1604 2183; baseline 0.004 -13"><span class='ocrx_word' id='word_1_414' title='bbox 926 2135 991 2170; x_wconf 87' lang='lat' dir='ltr'><strong>Illo</strong></span> <span class='ocrx_word' id='word_1_415' title='bbox 1002 2137 1110 2172; x_wconf 86' lang='lat' dir='ltr'><strong>altero</strong></span> <span class='ocrx_word' id='word_1_416' title='bbox 1120 2139 1195 2174; x_wconf 80' lang='lat' dir='ltr'><strong>loeo</strong></span> <span class='ocrx_word' id='word_1_417' title='bbox 1204 2140 1374 2175; x_wconf 84' lang='lat' dir='ltr'><strong>Remulus</strong></span> <span class='ocrx_word' id='word_1_418' title='bbox 1383 2140 1604 2183; x_wconf 74' lang='lat' dir='ltr'><strong>1&#39;nn‘talorsul-</strong></span> 
     </span>
     <span class='ocr_line' id='line_1_72' title="bbox 924 2193 1605 2241; baseline 0.006 -19"><span class='ocrx_word' id='word_1_419' title='bbox 924 2193 1025 2223; x_wconf 71' lang='grc' dir='ltr'><strong>ιηίπιὶτ</strong></span> <span class='ocrx_word' id='word_1_420' title='bbox 1034 2198 1196 2234; x_wconf 57' lang='lat' dir='ltr'><strong>meatum</strong></span> <span class='ocrx_word' id='word_1_421' title='bbox 1212 2193 1303 2237; x_wconf 84' lang='lat' dir='ltr'><strong>quod</strong></span> <span class='ocrx_word' id='word_1_422' title='bbox 1321 2194 1510 2241; x_wconf 80' lang='lat' dir='ltr'><strong>Dionysius</strong></span> <span class='ocrx_word' id='word_1_423' title='bbox 1525 2194 1605 2238; x_wconf 82' lang='lat' dir='ltr'><strong>plu-</strong></span> 
     </span>
     <span class='ocr_line' id='line_1_73' title="bbox 925 2242 1609 2287; baseline 0.004 -11"><span class='ocrx_word' id='word_1_424' title='bbox 925 2242 1020 2277; x_wconf 88' lang='lat' dir='ltr'><strong>ribus</strong></span> <span class='ocrx_word' id='word_1_425' title='bbox 1046 2251 1167 2278; x_wconf 81' lang='lat' dir='ltr'><strong>narrat</strong></span> <span class='ocrx_word' id='word_1_426' title='bbox 1184 2271 1194 2287; x_wconf 92' lang='lat'>,</span> <span class='ocrx_word' id='word_1_427' title='bbox 1220 2245 1315 2280; x_wconf 84' lang='lat' dir='ltr'><strong>hunc</strong></span> <span class='ocrx_word' id='word_1_428' title='bbox 1344 2252 1609 2281; x_wconf 10' lang='lat' dir='ltr'><strong>contemtorem?</strong></span> 
     </span>
     <span class='ocr_line' id='line_1_74' title="bbox 925 2293 1604 2342; baseline 0.007 -15"><span class='ocrx_word' id='word_1_429' title='bbox 925 2293 1086 2328; x_wconf 85' lang='lat' dir='ltr'><strong>Deorum</strong></span> <span class='ocrx_word' id='word_1_430' title='bbox 1097 2322 1107 2339; x_wconf 92' lang='lat'>‚</span> <span class='ocrx_word' id='word_1_431' title='bbox 1126 2302 1317 2342; x_wconf 77' lang='lat' dir='ltr'><strong>tyrannum</strong></span> <span class='ocrx_word' id='word_1_432' title='bbox 1334 2297 1411 2332; x_wconf 90' lang='lat' dir='ltr'><strong>Diis</strong></span> <span class='ocrx_word' id='word_1_433' title='bbox 1429 2297 1578 2331; x_wconf 81' lang='lat' dir='ltr'><strong>invisum</strong></span> <span class='ocrx_word' id='word_1_434' title='bbox 1591 2323 1604 2338; x_wconf 82' lang='lat'><em>,</em></span> 
     </span>
     <span class='ocr_line' id='line_1_75' title="bbox 925 2346 1603 2394; baseline 0.004 -14"><span class='ocrx_word' id='word_1_435' title='bbox 925 2346 1103 2382; x_wconf 83' lang='lat' dir='ltr'><strong>machinas</strong></span> <span class='ocrx_word' id='word_1_436' title='bbox 1119 2349 1324 2393; x_wconf 83' lang='lat' dir='ltr'><strong>excogitasse</strong></span> <span class='ocrx_word' id='word_1_437' title='bbox 1344 2375 1354 2392; x_wconf 88' lang='lat'>,</span> <span class='ocrx_word' id='word_1_438' title='bbox 1380 2349 1504 2394; x_wconf 86' lang='lat' dir='ltr'><strong>quibus</strong></span> <span class='ocrx_word' id='word_1_439' title='bbox 1526 2348 1603 2383; x_wconf 85' lang='lat' dir='ltr'><strong>sul-</strong></span> 
     </span>
     <span class='ocr_line' id='line_1_76' title="bbox 925 2398 1604 2446; baseline 0.004 -14"><span class='ocrx_word' id='word_1_440' title='bbox 925 2398 1022 2432; x_wconf 88' lang='lat' dir='ltr'><strong>mina</strong></span> <span class='ocrx_word' id='word_1_441' title='bbox 1031 2399 1239 2442; x_wconf 83' lang='lat' dir='ltr'><strong>imitaretur,</strong></span> <span class='ocrx_word' id='word_1_442' title='bbox 1253 2399 1484 2446; x_wconf 82' lang='lat' dir='ltr'><strong>hominesque</strong></span> <span class='ocrx_word' id='word_1_443' title='bbox 1493 2427 1502 2443; x_wconf 90' lang='lat'><strong>‚</strong></span> <span class='ocrx_word' id='word_1_444' title='bbox 1513 2407 1604 2435; x_wconf 81' lang='lat' dir='ltr'><strong>tam-</strong></span> 
     </span>
     <span class='ocr_line' id='line_1_77' title="bbox 926 2450 1604 2495; baseline 0.003 -11"><span class='ocrx_word' id='word_1_445' title='bbox 926 2463 1031 2495; x_wconf 85' lang='lat' dir='ltr'><strong>quam</strong></span> <span class='ocrx_word' id='word_1_446' title='bbox 1044 2450 1143 2485; x_wconf 86' lang='lat' dir='ltr'><strong>Deus</strong></span> <span class='ocrx_word' id='word_1_447' title='bbox 1154 2477 1164 2494; x_wconf 96' lang='lat'>‚</span> <span class='ocrx_word' id='word_1_448' title='bbox 1176 2458 1343 2495; x_wconf 84' lang='lat' dir='ltr'><strong>terreret,</strong></span> <span class='ocrx_word' id='word_1_449' title='bbox 1355 2451 1415 2486; x_wconf 86' lang='lat' dir='ltr'><strong>sed</strong></span> <span class='ocrx_word' id='word_1_450' title='bbox 1428 2453 1520 2486; x_wconf 87' lang='lat' dir='ltr'><strong>inter</strong></span> <span class='ocrx_word' id='word_1_451' title='bbox 1532 2452 1604 2486; x_wconf 90' lang='lat' dir='ltr'><strong>im-</strong></span> 
     </span>
     <span class='ocr_line' id='line_1_78' title="bbox 924 2502 1602 2550; baseline 0.003 -14"><span class='ocrx_word' id='word_1_452' title='bbox 924 2502 1003 2537; x_wconf 88' lang='lat' dir='ltr'><strong>bres</strong></span> <span class='ocrx_word' id='word_1_453' title='bbox 1027 2510 1063 2537; x_wconf 87' lang='lat' dir='ltr'><strong>et</strong></span> <span class='ocrx_word' id='word_1_454' title='bbox 1084 2502 1232 2537; x_wconf 86' lang='lat' dir='ltr'><strong>fulmina</strong></span> <span class='ocrx_word' id='word_1_455' title='bbox 1254 2503 1385 2538; x_wconf 82' lang='lat' dir='ltr'><strong>diluvio</strong></span> <span class='ocrx_word' id='word_1_456' title='bbox 1404 2504 1517 2550; x_wconf 78' lang='lat' dir='ltr'><strong>ipsum</strong></span> <span class='ocrx_word' id='word_1_457' title='bbox 1536 2518 1602 2550; x_wconf 88' lang='lat' dir='ltr'><strong>pe-</strong></span> 
     </span>
     <span class='ocr_line' id='line_1_79' title="bbox 925 2554 1253 2589; baseline 0 0"><span class='ocrx_word' id='word_1_458' title='bbox 925 2555 1020 2589; x_wconf 89' lang='lat' dir='ltr'><strong>riisse</strong></span> <span class='ocrx_word' id='word_1_459' title='bbox 1037 2567 1119 2589; x_wconf 89' lang='lat' dir='ltr'><strong>cum</strong></span> <span class='ocrx_word' id='word_1_460' title='bbox 1136 2554 1253 2589; x_wconf 83' lang='lat' dir='ltr'><strong>domo.</strong></span> 
     </span>
    </p>

    <p class='ocr_par' dir='ltr' id='par_1_17' title="bbox 925 2607 1604 2704">
     <span class='ocr_line' id='line_1_80' title="bbox 970 2607 1604 2648; baseline 0.002 -7"><span class='ocrx_word' id='word_1_461' title='bbox 970 2609 1022 2641; x_wconf 80' lang='lat'><strong>51.</strong></span> <span class='ocrx_word' id='word_1_462' title='bbox 1041 2607 1097 2642; x_wconf 90' lang='lat' dir='ltr'><strong>De</strong></span> <span class='ocrx_word' id='word_1_463' title='bbox 1112 2614 1238 2648; x_wconf 76' lang='lat' dir='ltr'><strong>monle,</strong></span> <span class='ocrx_word' id='word_1_464' title='bbox 1256 2607 1315 2642; x_wconf 82' lang='lat' dir='ltr'><strong>uhi</strong></span> <span class='ocrx_word' id='word_1_465' title='bbox 1331 2607 1530 2643; x_wconf 77' lang='lat' dir='ltr'><strong>Aventinus</strong></span> <span class='ocrx_word' id='word_1_466' title='bbox 1544 2621 1604 2643; x_wconf 82' lang='lat' dir='ltr'><strong>se-</strong></span> 
     </span>
     <span class='ocr_line' id='line_1_81' title="bbox 925 2659 1604 2704; baseline 0.003 -11"><span class='ocrx_word' id='word_1_467' title='bbox 925 2659 1041 2704; x_wconf 87' lang='lat' dir='ltr'><strong>pultus</strong></span> <span class='ocrx_word' id='word_1_468' title='bbox 1056 2666 1129 2704; x_wconf 82' lang='lat' dir='ltr'><strong>est,</strong></span> <span class='ocrx_word' id='word_1_469' title='bbox 1145 2660 1370 2695; x_wconf 84' lang='lat' dir='ltr'><strong>consentiunt</strong></span> <span class='ocrx_word' id='word_1_470' title='bbox 1382 2674 1501 2695; x_wconf 79' lang='lat' dir='ltr'><strong>rerum</strong></span> <span class='ocrx_word' id='word_1_471' title='bbox 1517 2661 1604 2695; x_wconf 72' lang='lat' dir='ltr'><strong>scri-</strong></span> 
     </span>
    </p>
   </div>
  </div>
 </body>
</html>
