1826 3054
475 243 870 291 FASTORUM
905 244 1041 287 LIB.
1086 245 1161 287 ΙΙ.

174 343 385 406 Lunaque
407 337 630 400 fulgebam
651 355 733 385 nec
754 336 862 384 sacis
884 354 993 384 usus
1013 347 1106 384 erat
1125 355 1136 383 ε

1444 260 1523 304 127

1462 349 1528 383 500

114 420 266 483 Quum
292 418 446 467 subito
464 427 590 464 motu
610 415 755 463 nubes
773 430 979 480 crepuere
1002 413 1202 461 sinistrae.

177 494 368 545 Rettulit
389 493 462 543 ille
486 493 673 557 gradus,
696 493 1049 557 horrueruntque
1073 509 1220 539 comae.

115 573 305 622 Pulcher
324 584 370 621 et
389 572 584 620 humano
605 571 770 635 major,
795 570 1031 636 trabeaque
1054 568 1239 617 decorus

181 649 401 698 Romulus
421 649 467 696 in
490 648 633 696 media
653 648 775 696 visus
797 645 948 694 adesse
968 645 1060 702 via,

117 729 178 775 Et
201 726 360 774 dixisse
379 725 510 774 simul
530 746 540 773 :
561 725 755 774 Prohibe
778 723 928 786 lugere
948 721 1148 786 Quirites
1164 757 1177 776 ‚

1472 732 1538 765 505

181 806 272 852 Nec
296 803 462 852 violent
480 803 685 870 lacrymis
706 801 886 850 numina
908 810 1059 847 nostra
1080 799 1186 846 suis.

118 882 237 929 Tura
259 881 423 939 serant,
446 880 712 948 placentque
729 897 891 928 novum
913 877 990 943 pia
1011 874 1142 924 turba
1165 873 1433 938 Quirinnm3

182 959 243 1006 Et
265 958 428 1024 patrias
450 971 565 1007 artes
588 957 878 1022 militiamque
901 954 1062 1002 colant.

120 1036 262 1084 Jussit
283 1056 292 1083 :
313 1049 357 1084 et
376 1037 423 1084 in
447 1048 599 1084 tenues
622 1034 763 1083 oculis
786 1033 960 1082 evanuit
982 1050 1122 1080 auras.

191 1114 416 1162 Convocat
435 1112 510 1160 hic
528 1111 726 1179 populos
739 1148 752 1169 ‚
772 1112 980 1176 jussaque
1002 1109 1137 1158 verba
1158 1109 1303 1157 refert.

127 1247 202 1281 dius
219 1272 229 1288 ,
247 1247 315 1280 sive
338 1245 440 1280 aliam
456 1244 681 1280 traditionem
694 1271 704 1287 ,
729 1246 800 1279 sive

126 1311 227 1332 suum
244 1304 486 1332 commentum
506 1304 664 1340 secutus,
686 1299 802 1331 lunam

119 1349 301 1394 fulgentem
311 1357 493 1384 memorat.
503 1348 668 1395 Scaliger,
677 1349 738 1394 qui
746 1356 802 1383 te·

132 1415 226 1436 mere
255 1401 413 1436 sumebat
444 1400 636 1435 Romulum
662 1408 802 1446 raptum

130 1467 200 1488 csse
216 1453 399 1488 deficiente
413 1452 483 1488 sole
495 1479 504 1496 ,
517 1459 617 1487 notat
633 1465 642 1486 z
655 1452 802 1486 oblitum

129 1506 180 1540 sui
196 1518 267 1540 ease
284 1502 454 1540 Ovidium
464 1530 474 1547 ,
491 1505 550 1550 qui
562 1505 598 1538 in
611 1503 802 1539 interlunio

128 1557 258 1592 fulsisse
269 1557 390 1591 lunam
405 1556 505 1591 dicat.
522 1557 575 1590 Ea
585 1564 669 1591 nota
685 1563 802 1591 motus

127 1608 702 1652 Burmannusconjiciebat,vitium
712 1607 802 1642 sorte

128 1674 199 1695 esse
214 1661 250 1695 in
270 1661 329 1695 illo
331 1660 506 1705 fulgebat,
524 1667 560 1695 et
568 1661 715 1695 verbum
729 1662 805 1701 sorr·

128 1726 188 1748 san
203 1713 305 1748 fuisse
325 1725 396 1758 quo
409 1713 547 1748 latuisse
558 1713 680 1747 lunam
697 1712 805 1747 ovid.

128 1765 250 1800 dixerit
261 1779 270 1806 ;
280 1765 477 1800 intenebris
490 1765 606 1800 subito
621 1765 803 1799 emicuisse

127 1816 262 1863 fulgur,
280 1825 383 1862 atque
398 1818 446 1851 ita
461 1817 658 1862 apparuisse
671 1817 805 1851 Romu·

130 1868 213 1903 lum.
235 1869 307 1904 Sed
323 1869 397 1904 haec
410 1870 484 1904 sine
505 1882 606 1904 causa
622 1870 707 1916 fingi
728 1870 806 1904 elu-

129 1929 183 1956 cet
194 1934 235 1955 ex
245 1922 286 1955 iis
296 1947 306 1963 ‚
318 1933 394 1966 quae
406 1920 449 1955 ad
459 1931 507 1956 vs.
517 1922 583 1969 493
592 1923 806 1957 monuimus.

132 1973 203 2007 Pro
208 1973 368 2017 fulgebat
387 1973 566 2008 Petavian.
582 1981 616 2008 et
634 1973 735 2008 multi
750 1973 806 2008 alii

132 2028 303 2068 surgebat,
322 2036 396 2058 non
412 2023 632 2069 improbante
646 2025 807 2060 Heinsio.

134 2076 395 2120 —Desacffius‚
414 2076 537 2121 quibus
551 2084 659 2111 noem
674 2077 742 2111 iter
752 2077 808 2111 fa-

131 2130 261 2164 cientes
276 2129 327 2162 uti
341 2128 516 2171 solebant,
533 2127 611 2162 vide
625 2128 668 2162 ad
687 2129 704 2163 1
718 2128 807 2164 Met.

133 2180 395 2226 493.—Crtpare
405 2178 448 2213 de
461 2179 605 2213 tonitru.
622 2179 706 2213 AEn.
720 2180 807 2224 xll,

134 2245 197 2278 9²²
209 2258 220 2275 ,
240 2247 256 2261 α
271 2244 337 2266 nec
351 2231 499 2279 fulmine
514 2232 601 2266 tanti
616 2232 810 2266 Dissultant

135 2297 154 2313 ³·
169 2283 328 2329 crepitus.
345 2297 361 2312 υ
378 2303 423 2309 -
434 2284 578 2317 &histro
588 2284 730 2328 auguria
747 2297 810 2319 cur

133 2334 241 2369 fausta
255 2335 386 2370 suerint
397 2362 407 2378 ,
434 2335 558 2380 querit
582 2335 808 2378 Plutarchus,

136 2386 269 2431 Quaest.
291 2388 394 2422 Rom.
410 2401 441 2433 p.
464 2388 536 2434 ¹39·
548 2405 594 2413 —
608 2389 813 2423 Hor-ruerunt

134 2452 243 2472 come.
254 2439 326 2473 Liv.
342 2454 359 2468 οι
372 2439 529 2484 perfusus
546 2439 692 2473 horrore
700 2452 812 2473 vene-

139 2503 155 2517 »
171 2488 427 2535 rahundusque.
446 2505 463 2519 ²0
482 2489 537 2524 Cf.
555 2491 610 2525 111
624 2517 634 2533 ,
646 2491 706 2524 331
733 2503 784 2534 sq.

182 2543 255 2576 503.
267 2543 421 2577 Humano
434 2545 551 2588 major,
564 2543 677 2578 forma
685 2556 813 2589 augus-

138 2601 184 2636 ta,
203 2607 279 2639 quae
286 2594 362 2630 Diis
372 2597 476 2631 tribui
486 2598 628 2632 solebat.
635 2598 764 2639 Livius,
774 2598 807 2640 1,

140 2658 156 2689 7
171 2671 181 2686 ,
198 2659 213 2673 α
224 2644 381 2680 habitum
392 2646 612 2694 famamque
630 2649 693 2682 viri
705 2649 813 2694 (Her-

142 2710 158 2724 ι·
175 2696 278 2742 culis)
294 2697 506 2742 aliquantum
523 2701 728 2746 ampliorem
742 2714 811 2735 au—

143 2763 159 2776 »
175 2750 434 2795 gustioremque
451 2752 605 2788 humana
628 2754 779 2788 intuens.
794 2768 813 2784 κ

1479 1123 1544 1156 510

866 1243 971 1289 Apud
994 1243 1170 1278 Plutarch.
1194 1243 1367 1278 Romulus
1394 1244 1547 1279 Proculo

866 1303 1008 1341 apparet
1018 1300 1107 1335 ιαὶός
1116 1302 1170 1331 καὶ
1176 1299 1284 1341 pai-123,
1298 1299 1339 1335 ὥς
1349 1301 1449 1332 23:02.-
1460 1300 1547 1346 ‹pie-

866 1354 931 1389 ono,
950 1350 1047 1386 ὅπλοις
1064 1352 1097 1383 ἐξ
1108 1353 1254 1396 λαμπροῖς
1269 1353 1322 1383 καὶ
1342 1351 1481 1395 pli-[auec
1496 1366 1549 1384 ιε·-

865 1404 1062 1445 ιιοσμημὲνσς.
1090 1400 1137 1434 Et
1157 1413 1254 1435 arma
1275 1401 1356 1436 satis
1377 1401 1549 1437 decebant

866 1451 1069 1487 bellicosum
1098 1451 1229 1487 Deum.
1244 1468 1289 1478 --
1304 1452 1377 1487 Sed
1400 1452 1549 1488 Ovidius

864 1505 982 1538 trabea
993 1515 1076 1538 eum
1093 1503 1291 1548 decoravit,
1316 1504 1363 1539 de
1383 1517 1452 1550 qua
1469 1505 1550 1540 vide

867 1554 909 1588 ad
923 1555 940 1590 1
950 1581 961 1599 ,
973 1557 1027 1600 37.
1039 1573 1086 1582 -
1097 1555 1241 1590 Dixisse
1255 1559 1365 1591 simul.
1382 1557 1551 1592 Heinsius

869 1607 981 1651 malit,
997 1610 1128 1642 dixisse
1138 1609 1337 1643 sime-Nec
1350 1610 1478 1643 w'olent
1485 1616 1551 1643 etr.

868 1659 1070 1704 exquisitius
1080 1666 1115 1694 et
1125 1659 1296 1694 divinitati
1306 1659 1450 1694 Romuli
1464 1673 1553 1696 con-

869 1712 1067 1746 venientius
1083 1722 1189 1756 quam
1204 1738 1214 1755 ‚
1240 1724 1306 1747 nec
1329 1712 1548 1759 lacryment,

870 1763 1026 1798 defleant
1038 1765 1239 1797 rue-Rem
1255 1766 1432 1798 milliarem
1448 1767 1555 1799 colere

873 1816 1026 1851 Romani
1043 1815 1212 1861 jubentur
1233 1817 1338 1851 etiam
1362 1817 1453 1863 apud
1478 1817 1553 1851 Liv.

872 1869 1022 1903 alterum
1037 1869 1239 1912 tumstrant
1251 1874 1315 1904 etc.
1330 1870 1483 1915 pertinet
1499 1870 1552 1904 vel

872 1921 1024 1956 maxime
1035 1920 1078 1955 ad
1092 1920 1277 1955 consilium
1295 1929 1417 1967 poetae.

916 1978 990 2022 ⁵⁰9
1003 1974 1139 2009 Livius:
1150 1976 1221 2009 hec
1234 1977 1383 2015 locutus,
1401 1977 1555 2010 sublimis

869 2030 966 2062 abiit.
989 2027 1032 2062 ld
1051 2027 1182 2062 Noster
1206 2028 1342 2073 poetice
1364 2030 1554 2063 exornavit.

874 2078 989 2114 Etiam
1006 2078 1096 2114 XIV
1121 2079 1270 2114 Metam.
1292 2079 1355 2124 432
1366 2107 1376 2123 ‚
1402 2095 1419 2110 α
1446 2081 1553 2126 inque

874 2145 892 2161 ³·
908 2131 999 2166 leves
1036 2131 1204 2177 paulatim
1235 2133 1377 2167 evanuit
1407 2144 1516 2168 auras.
1538 2149 1555 2161 »

873 2182 1016 2217 Frustra
1026 2182 1149 2217 Heius.
1165 2183 1201 2216 h.
1218 2182 1239 2217 l.
1258 2183 1400 2228 penitus
1417 2184 1556 2218 assimi—

873 2235 944 2268 lare
955 2233 1003 2267 illi
1015 2233 1113 2279 Vin-g.
1123 2233 1209 2268 AEn.
1219 2235 1272 2269 lv
1284 2260 1294 2276 ,
1309 2236 1387 2279 278,
1403 2235 1555 2277 volebat,

875 2299 893 2314 κ
916 2286 954 2319 in
977 2292 1123 2320 tenuem
1147 2298 1189 2320 ex
1205 2287 1313 2322 oculis
1328 2287 1470 2321 evanuit
1486 2300 1558 2321 au—

876 2351 894 2366 »
913 2348 1013 2377 ram;
1040 2350 1058 2366 n
1084 2345 1144 2371 aut
1167 2343 1262 2372 certe
1287 2337 1402 2384 legere
1425 2343 1562 2374 evanuit

874 2391 981 2422 ocsus.
997 2389 1200 2431 —Popnlos
1210 2388 1409 2435 intelligunt
1424 2389 1559 2424 Roma-

875 2453 963 2474 num
980 2448 1015 2475 et
1031 2441 1213 2475 Sabinum.
1232 2441 1302 2476 sed
1323 2450 1467 2487 possunt
1485 2456 1559 2479 esse

876 2493 1023 2527 omnino
1036 2493 1138 2527 cives.
1159 2492 1251 2527 Vide
1268 2493 1312 2527 ad
1339 2494 1356 2529 l
1372 2494 1462 2530 Met.
1478 2494 1558 2530 edd.

876 2546 999 2591 prima:
1012 2553 1046 2579 et
1060 2545 1158 2580 MSS
1169 2545 1311 2591 quidam
1322 2573 1332 2591 ‚
1342 2554 1481 2591 palm&
1495 2548 1556 2583 sed

877 2605 912 2632 et
929 2597 1021 2643 apud
1039 2597 1112 2631 Liv.
1128 2601 1165 2631 1'11
1183 2601 1390 2638 concionem,
1408 2606 1445 2634 et
1465 2600 1557 2646 apud

879 2649 1059 2684 Plutarch.
1072 2653 1114 2688 εἰς
1124 2651 1234 2699 ἀγιρᾶν
1246 2650 1382 2696 prodit:
1393 2659 1497 2697 atque
1507 2652 1560 2686 ci-

878 2703 976 2737 vibus
1002 2704 1037 2736 in
1056 2703 1176 2748 primis
1191 2703 1264 2738 hnc
1286 2703 1353 2739 dici
1372 2704 1558 2740 debebant.

878 2772 922 2780 —
939 2754 1042 2800 Regii
1068 2754 1203 2791 codices
1228 2756 1259 2790 Β
1281 2763 1317 2791 et
1340 2755 1370 2791 C
1388 2759 1557 2801 populos,-
