1826 3054
546 198 951 244 FASTORUM
982 199 1116 244 LIB.
1157 202 1259 245 111.

196 293 327 340 Hunc
350 303 398 339 tu
421 298 511 340 non
533 292 699 358 poteris
722 310 802 358 per
823 303 867 340 te
890 291 1103 341 deducere
1127 289 1257 341 caelo:

1535 204 1614 246 185

260 371 321 416 At
343 368 507 436 poteris
527 380 680 416 nostra
703 368 887 418 forsitan
913 367 1022 418 usus
1050 388 1149 437 ope.

196 444 381 492 Dixerat
406 444 499 492 baec
521 445 699 493 Faunus
718 465 729 493 ε
748 464 830 511 par
851 457 919 494 est
940 446 1155 494 sententia
1179 446 1287 494 Pici.

261 522 397 570 Deme
419 533 563 570 tamen
586 523 722 571 nobis
744 522 918 570 vincula
933 561 946 580 ‚
971 524 1104 571 Picus
1129 523 1203 571 ait.

1552 538 1619 570 320

193 599 371 666 Jupiter
392 599 480 647 huc
502 600 671 657 veniet,
697 600 838 649 valida
862 600 1080 648 deductus
1103 600 1160 647 ab
1184 612 1303 648 arte:

261 675 426 724 Nubila
448 677 658 742 promissi
681 678 788 744 Styx
812 677 921 725 mihi
946 677 1072 725 testis
1094 676 1189 725 erit.

193 753 358 800 Emissi
384 753 492 818 quid
515 766 649 816 agant
670 753 864 820 laqueis,
890 773 986 819 quae
1007 754 1199 802 carmina
1223 753 1394 809 dicant,

255 829 445 894 Quaque
469 830 645 877 trahant
665 831 836 897 superis
855 830 1036 878 sedibus
1059 841 1151 878 arte
1171 832 1326 877 Jovem
1340 867 1351 887 ‚

192 905 314 953 Scire
335 907 456 954 nefas
478 906 650 955 homini
674 927 684 955 :
704 908 838 956 nobis
862 925 1067 955 concessa
1090 910 1303 956 canantur
1318 944 1333 963 ‚

258 983 459 1048 Quaeque
479 984 556 1049 pio
583 984 670 1031 dici
691 984 802 1033 vatis
822 984 879 1032 ab
903 1003 977 1032 ore
1000 984 1115 1032 licet.

195 1058 394 1106 Eliciunt
414 1058 519 1107 caelo
544 1072 585 1108 te
599 1097 611 1116 ‚
633 1060 832 1126 Jupiter,
858 1061 975 1109 unde
993 1061 1187 1109 minores

258 1137 389 1184 Nunc
413 1155 590 1202 quoque
617 1148 659 1185 te
682 1136 933 1195 celebrant,
957 1137 1236 1204 Eliciumque
1255 1149 1426 1186 vocant.

196 1213 385 1261 Constat
404 1213 633 1262 Aventinae
654 1215 883 1263 tremuisse
907 1214 1130 1263 cacumina
1150 1214 1268 1263 silvae
1287 1235 1298 1262 :

259 1291 482 1357 Terraque
505 1291 706 1339 subsedit
728 1292 923 1358 pondere
944 1312 1096 1358 pressa
1116 1293 1258 1341 Jovis.

193 1405 295 1434 testzss
310 1407 427 1434 nostra
444 1399 571 1435 divina.
581 1419 626 1426 —
638 1402 741 1436 Hunc
754 1409 790 1436 tu
804 1415 871 1436 non

184 1455 313 1496 poteris
328 1459 392 1486 etc.
410 1453 513 1498 Apud
534 1454 667 1489 Aruob.
683 1455 871 1490 instituunt

191 1517 311 1549 regem
321 1531 330 1547 ,
348 1505 471 1550 quibus
487 1506 557 1551 ipse
567 1507 696 1541 Jovem
707 1507 821 1542 modis
834 1514 871 1542 et

190 1556 408 1592 sacrificiisad
418 1565 525 1593 terras
532 1559 874 1594 eliciat—Deducta

191 1610 285 1643 verb.
302 1623 353 1655 pr.
371 1623 553 1656 magarum
567 1638 576 1655 ,
599 1625 676 1657 quae
692 1619 728 1646 et
748 1612 869 1647 lunam

192 1675 210 1691 α
226 1662 309 1696 caelo
330 1662 503 1698 deducere
527 1679 545 1694 ι»
573 1670 747 1709 poterant.
775 1665 869 1699 Plu-

191 1713 299 1749 tarch·
314 1724 496 1760 καταγαγεῖν
512 1720 561 1751 τᾶν
579 1722 637 1750 Δία
650 1719 870 1760 poe-‘edornm-

234 1765 310 1800 321.
329 1766 448 1802 Lectio
468 1770 631 1802 deductus
647 1771 692 1802 ab
712 1774 785 1802 arte
801 1781 870 1803 ve-

192 1818 324 1852 rissima
332 1819 420 1853 mihi
428 1820 569 1854 videtur
577 1834 586 1861 ;
598 1834 620 1854 n
626 1833 752 1866 amque
764 1823 871 1854 dedu-

191 1883 279 1910 cere,
298 1871 392 1915 quod
413 1885 500 1907 vers.
520 1873 583 1917 3¹7
597 1899 608 1915 ‚
630 1880 868 1918 praecesserat,

193 1921 249 1956 hic
264 1923 449 1957 commode
471 1924 642 1968 repetitur
659 1950 669 1966 ,
695 1932 730 1958 et
752 1926 871 1958 valMa

191 1974 283 2009 bene
294 1976 459 2009 convenit
470 1983 514 2022 τῷ
524 1982 613 2017 ade,
630 1983 666 2010 et
679 1979 723 2010 ab
735 1983 808 2010 arte
818 1984 870 2010 est

191 2037 257 2070 ope
271 2026 363 2060 artis.
380 2026 474 2060 Male
487 2026 624 2060 Taubn.
639 2033 738 2071 putat
749 2053 760 2069 ‚
774 2026 870 2061 hunc

191 2089 295 2111 usum
322 2076 574 2122 praepositionis
598 2079 643 2110 ab
666 2077 872 2111 inusitatum

192 2142 277 2163 esse.
294 2130 327 2160 V
330 2128 375 2163 id.
402 2128 546 2164 Cottius
569 2129 612 2162 ad
629 2129 766 2164 Sallust.
790 2129 872 2174 Jug.

193 2181 318 2216 XXXI
333 2207 343 2224 ,
368 2194 399 2214 2.
427 2181 552 2226 Neque
574 2180 678 2215 video
689 2208 698 2224 ‚
722 2194 786 2216 cur
808 2194 873 2215 art

192 2233 290 2268 Jovis
304 2236 422 2268 valida
436 2233 582 2268 dicatur.
598 2234 653 2267 De
669 2239 742 2268 ade
756 2246 873 2268 sermo

193 2286 295 2319 estin
310 2299 406 2331 seqq.
420 2286 466 2321 Et
479 2293 626 2320 tuentur
640 2286 714 2320 haec
726 2299 761 2320 se
778 2285 873 2320 mul-

193 2342 312 2370 torum
322 2336 421 2372 MSS
432 2337 648 2371 auctoritate.
661 2337 760 2371 Olim
772 2336 871 2371 edeb.

187 2388 370 2430 perductus
380 2390 425 2421 ab
433 2401 523 2422 arce.
535 2387 606 2422 Sed
615 2394 689 2422 arte
698 2389 768 2431 jam
779 2388 872 2422 Nau-

194 2449 265 2480 ger.
279 2439 420 2473 notabat
435 2452 476 2472 ex
491 2439 681 2474 nonnullis.
696 2441 872 2473 Deductus

194 2487 329 2532 primus
354 2488 507 2534 Scaliger
521 2503 541 2523 e
563 2490 680 2525 codice
704 2497 771 2524 vet.
788 2503 872 2535 pro-

195 2539 291 2581 tulit,
316 2540 500 2585 probatum
517 2549 553 2577 et
566 2543 704 2578 Daniel.
723 2543 871 2577 Heinsio

196 2599 299 2637 atque
310 2593 420 2638 Neap.
430 2601 548 2638 postea
561 2595 677 2640 plures
690 2595 786 2630 MSS
798 2596 871 2631 haec

196 2643 268 2678 duo
283 2644 546 2683 confirmarunt.
561 2666 606 2674 —
620 2650 767 2687 Nubila,
790 2649 871 2693 quia

197 2695 341 2730 nebulas
352 2695 486 2731 exhalat
501 2697 593 2733 iners
608 2713 617 2741 3
642 2699 678 2733 ll
692 2699 779 2734 Met.
796 2699 870 2743 435.

1553 1306 1620 1339 330

979 1402 1044 1436 323
1054 1415 1126 1448 sqq.
1140 1403 1289 1437 Excusat
1300 1416 1336 1437 se
1348 1402 1511 1446 Ovidius,
1523 1402 1617 1448 quod

935 1467 1007 1489 non
1026 1462 1168 1489 enarrat
1181 1481 1191 1497 ,
1212 1455 1297 1500 quid
1314 1455 1373 1489 Dii
1390 1455 1437 1489 illi
1457 1456 1594 1501 egerint
1612 1482 1619 1496 ,

934 1514 974 1541 ut
990 1507 1054 1550 IV,
1073 1510 1149 1542 552.
1160 1526 1203 1533 —
1217 1510 1377 1543 Carmina
1394 1508 1504 1554 Neap.
1519 1508 1618 1542 intel.

934 1560 1040 1594 verba
1053 1559 1248 1602 Pontificis,
1256 1572 1366 1604 quum
1378 1558 1526 1593 fulmina
1535 1572 1618 1593 con-

935 1611 1049 1645 debat.
1072 1612 1189 1646 Immo
1204 1610 1355 1644 formula
1374 1609 1619 1644 incantationis

934 1662 1129 1709 cogitanda,
1140 1675 1209 1707 qua
1219 1662 1267 1695 illi
1277 1662 1406 1696 Jovem
1415 1661 1599 1695 eliciebant
1610 1674 1619 1700 ;

936 1716 973 1750 ll
984 1742 995 1759 ,
1009 1715 1185 1759 426.—-De
1195 1714 1347 1748 formula
1359 1718 1447 1748 scin·
1455 1713 1565 1757 nefas,
1575 1712 1620 1747 de

934 1768 995 1810 iis,
1014 1780 1093 1812 quae
1113 1768 1201 1802 scire
1226 1767 1347 1802 conari
1371 1766 1521 1811 impium
1544 1772 1595 1800 est
1609 1792 1620 1809 ‚

935 1818 1004 1852 vid.
1022 1818 1137 1854 Bentl.
1155 1818 1196 1852 ad
1216 1819 1343 1853 Horat.
1360 1818 1375 1852 1
1390 1843 1400 1860 ,
1418 1816 1491 1852 od.
1506 1827 1546 1850 xl
1558 1843 1569 1859 ‚
1591 1830 1620 1850 ι.

934 1888 979 1896 —
1003 1871 1110 1905 Dis-ci
1120 1870 1245 1904 Burm.
1270 1884 1290 1905 e
1314 1870 1463 1914 conject.
1480 1868 1620 1903 Heia-sii

934 1922 1052 1965 dedit,
1080 1935 1294 1968 quamquam
1311 1935 1377 1957 nec
1392 1924 1475 1956 duci
1490 1934 1531 1956 ex
1544 1932 1619 1955 uno

934 1975 1034 2010 Voss.
1051 1976 1236 2020 improbat.
1256 1975 1386 2010 Caeteri
1410 1977 1500 2013 dici,
1523 1973 1620 2019 quod

936 2027 1111 2061 revocavit
1124 2026 1265 2061 Miuch.
1276 2034 1312 2061 et
1325 2026 1483 2061 defendit
1494 2025 1621 2060 Krebs.

937 2079 1047 2113 Recte
1059 2105 1069 2122 ,
1086 2086 1231 2125 propter
1246 2078 1345 2114 MSS
1357 2078 1619 2117 auctoritatem;

937 2129 1091 2174 alioquin
1106 2132 1198 2165 deli-ci
1209 2130 1352 2165 defendi
1367 2137 1483 2175 posset
1498 2144 1518 2165 e
1535 2143 1615 2164 ver-

936 2193 978 2215 su
994 2181 1071 2214 313.

980 2233 1056 2278 327.
1067 2233 1140 2267 Liv.
1153 2234 1170 2268 I
1183 2260 1194 2276 ,
1211 2247 1273 2269 ao:
1289 2249 1308 2265 α
1322 2234 1380 2269 Ad
1395 2246 1436 2269 ea
1449 2234 1619 2269 elicienda

938 2299 957 2315 ι
974 2298 1015 2319 ex
1032 2286 1210 2321 mentibus
1227 2286 1353 2321 divinis
1369 2313 1380 2330 ,
1407 2286 1489 2321 Jovi
1508 2286 1620 2321 Elicio

937 2352 956 2369 υ
973 2351 1070 2372 aram
1081 2339 1118 2372 in
1130 2338 1309 2373 Aventino
1320 2339 1448 2374 dicavit
1458 2364 1468 2382 ,
1486 2338 1619 2373 Deum-

939 2406 957 2421 »
974 2404 1042 2436 que
1058 2391 1235 2425 consuluit
1249 2391 1402 2437 auguriis
1416 2417 1426 2434 ‚
1449 2403 1528 2435 quae
1542 2404 1621 2426 sus-

938 2457 957 2473 »
973 2441 1133 2488 cipieuda
1146 2449 1271 2478 esseut.
1281 2444 1519 2483 n—Minores,
1535 2455 1618 2488 pos-

936 2493 1126 2528 terh—De
1142 2499 1282 2528 tremore
1296 2494 1356 2528 illo
1365 2521 1375 2538 ,
1388 2493 1515 2529 divinae
1527 2507 1619 2540 prae-

934 2546 1056 2581 sentia
1067 2545 1167 2592 signo
1175 2572 1186 2589 ‚
1199 2547 1279 2581 alibi
1289 2546 1421 2582 dictum
1434 2561 1444 2589 ;
1461 2546 1598 2583 cons-11
1610 2574 1619 2589 ,

936 2598 1013 2644 439.
1030 2598 1185 2632 Numam
1200 2597 1327 2633 homor
1344 2598 1401 2634 ille
1421 2612 1517 2634 sacer
1534 2612 1614 2633 cor·

934 2650 1036 2694 ripit‚
1054 2650 1133 2684 Deo
1153 2650 1249 2691 viso;
1272 2658 1308 2686 et
1325 2651 1363 2685 iu
1379 2652 1538 2696 precibus
1554 2664 1617 2685 sc*-

934 2700 1061 2735 lemnis
1077 2708 1152 2736 erat
1167 2701 1224 2736 illa
1242 2701 1397 2737 conditio
1415 2729 1426 2746 ,
1450 2703 1478 2738 si
1503 2710 1537 2737 te
1562 2703 1615 2748 pie
