1826 3054
568 193 975 240 FASTORUM
1011 195 1143 239 LIB.
1182 196 1285 239 111.

1558 213 1639 259 ¹7⁴.)

287 292 392 340 Haec
414 309 497 347 nos
518 290 738 356 praecipue
759 300 848 338 tam
869 288 945 355 pia
965 307 1095 337 causa
1118 288 1252 337 decet.

222 372 349 419 Ferte
377 371 479 418 Deae
500 367 633 417 flores
652 388 663 415 ε
683 365 1127 430 gaudetssorentibus
1149 366 1299 414 herbis

289 448 392 494 Haec
414 447 508 494 Dea
527 465 537 493 z
558 445 613 494 de
636 457 786 493 tenero
808 444 970 506 cingite
990 443 1099 492 flore
1121 455 1268 510 caput.

224 524 367 571 Dicite
381 561 393 579 ‚
415 524 486 571 Tu
509 522 650 571 lucem
667 521 826 579 nobis,
851 522 1042 580 Lucina,
1067 521 1250 578 dedisti;

1578 536 1642 569 255

287 600 432 649 Dicite
445 637 459 657 ‚
481 601 552 648 Tu
573 611 680 648 voto
700 599 987 666 parturientis
1008 599 1124 648 ades.

223 677 271 724 Si
294 696 380 743 qua
403 689 550 726 tamen
573 677 753 740 gravida
776 689 869 735 est3
894 676 1093 726 resoluto
1117 676 1236 725 crine
1259 688 1485 744 precetur,

289 757 352 803 Ut
374 754 518 803 solvat
542 767 699 822 partus
722 754 916 822 molliter
939 754 1014 804 illa
1037 774 1156 803 suos.

225 832 352 895 QUIS
372 832 482 881 mihi
504 853 622 881 nunc
646 833 789 890 dicat,
813 851 946 899 quare
971 832 1155 881 caelestia
1180 832 1338 880 Martis

225 948 239 989 (
255 947 303 981 sic
324 953 406 981 ante
422 946 546 981 Heius.
561 945 689 991 edeb.)
706 946 807 980 turba
823 945 902 980 sre-
965 946 1009 981 tis
1022 959 1085 991 per
1102 946 1238 982 ltaliam
1254 945 1390 980 saeviret
1402 971 1412 988 ,
1435 952 1539 990 atque
1560 946 1644 980 Ro—

225 1004 398 1042 quentant
408 1023 419 1041 ‚
434 1004 473 1031 ut
483 997 618 1032 cladem
630 1011 651 1031 a
661 998 798 1043 generis
808 1009 902 1031 aver·
966 1010 1063 1032 mam
1074 998 1179 1032 etiam
1188 997 1386 1032 exhauriret
1394 997 1524 1032 civibus
1532 1023 1542 1040 ‚
1553 998 1646 1043 pelta

226 1057 307 1084 tam.
316 1050 432 1084 Etiam
441 1049 611 1084 Krebsius
620 1057 738 1084 tuetur
746 1056 898 1089 malma,

225 1103 342 1138 forsan
369 1115 472 1146 vere,
500 1115 583 1137 nam
607 1106 726 1137 nam}
743 1103 779 1136 in
806 1101 905 1135 nullo

227 1155 297 1190 MS
305 1155 489 1200 reperitur.
499 1155 657 1190 Tantum
667 1154 828 1189 nonnulli
838 1166 906 1188 aa·

227 1214 295 1240 toes
315 1205 445 1240 habent
459 1232 470 1248 ,
495 1205 589 1240 unde
617 1205 783 1239 Heinsius
806 1217 907 1238 suam

228 1258 415 1293 lectionem
423 1258 614 1304 exsculpsit.
627 1277 672 1283 —
682 1257 783 1302 Regii
798 1256 909 1292 nostri

228 1317 390 1351 malrum,
410 1310 504 1355 quod
521 1310 611 1344 bene
622 1323 659 1344 se
676 1309 803 1350 habet;
820 1309 904 1343 alte-

229 1375 310 1397 rum
324 1362 380 1396 vix
396 1361 611 1406 intelligitur.
627 1362 695 1395 Ed.

273 1415 347 1449 253.
364 1414 568 1448 Exhortatio
589 1412 633 1447 ad
651 1412 768 1447 Deam
788 1411 855 1446 rite
871 1417 910 1446 et

228 1465 283 1510 pie
289 1464 661 1500 colendam-Herm.
672 1463 755 1497 Duo
763 1463 906 1498 Fames.

230 1518 334 1555 σιγὴ-,-
342 1514 426 1550 inde
436 1514 560 1549 Heius.
567 1514 912 1558 conjicitflooetm'bm:

226 1571 308 1605 aris.
324 1567 394 1602 aris
403 1564 548 1601 floribus
559 1565 728 1602 incinctis.
739 1566 829 1600 Aras
837 1564 906 1599 flo-

228 1620 388 1655 rentibus
411 1619 551 1654 coronis
575 1618 668 1663 cingi
690 1617 807 1652 solitas
834 1630 908 1652 esne

227 1679 364 1707 certum
378 1679 431 1707 est
441 1685 449 1713 ;
461 1670 549 1706 nihil
564 1677 682 1706 tamen
695 1669 909 1704 mutandum

230 1725 380 1760 arbitror
396 1738 405 1759 ε
425 1737 510 1758 nam
517 1725 678 1768 flamines
697 1724 805 1757 herbe
827 1726 911 1757 anu!

227 1778 293 1823 ipsi
308 1777 414 1811 flores
424 1790 434 1817 ;
446 1775 546 1820 Virg.
558 1774 632 1809 Ed.
641 1775 694 1809 lx
705 1800 716 1816 ,
738 1786 778 1820 ¹9
788 1799 798 1816 ,
811 1788 829 1802 «
841 1773 910 1818 Ιμι-

232 1843 251 1858 »
262 1840 361 1862 mum
368 1827 574 1862 florentibus
584 1826 700 1861 herbis
706 1828 878 1871 spargere.
889 1840 908 1855 υ

233 1881 276 1914 ln
293 1879 548 1914 Matronalibus
559 1904 569 1920 ,
585 1884 627 1912 ut
643 1878 680 1912 in
698 1877 771 1912 aliis
785 1876 917 1922 sacris„

231 1933 335 1967 flores
345 1944 418 1966 me
430 1930 601 1965 adhibitos
612 1930 719 1965 etiam
728 1942 770 1964 ex
780 1930 910 1964 Hora-

232 1985 270 2019 tii
286 1983 320 2018 d.
337 1983 359 2018 l.
377 1989 482 2028 patet.
506 1981 703 2026 Quomodo
721 1979 910 2015 adhibendi

231 2037 302 2072 sint
313 2062 324 2078 ,
345 2036 419 2080 jam
434 2034 597 2077 additur,
613 2035 657 2067 de
669 2039 779 2067 leuem
788 2034 915 2076 calipte-

222 2091 311 2133 flon-
325 2094 429 2132 caput
450 2085 604 2130 effigiem
622 2084 786 2118 Junouis.
804 2083 858 2118 Et-
869 2086 914 2118 de

232 2148 343 2176 lenem
359 2139 446 2184 flore
466 2138 600 2174 dictum
613 2163 623 2181 ,
638 2140 688 2172 'ut
708 2151 726 2167 κ
747 2136 915 2172 canitiem

235 2208 253 2223 >-
267 2193 364 2239 largo
389 2192 434 2226 de
460 2191 602 2237 pulvere
630 2196 747 2235 turpat
775 2204 793 2220 ιο
818 2188 912 2234 apud

236 2243 472 2279 Claudianum
483 2269 494 2286 ,
520 2243 610 2281 XIX
627 2268 637 2286 ,
664 2244 718 2276 25.
730 2258 776 2268 —-
789 2242 830 2275 Si
845 2254 916 2285 qna

233 2303 345 2331 lanea
362 2303 427 2331 etc.
451 2295 619 2329 Heinsius
640 2293 740 2328 malit
764 2304 912 2338 persona

200 2354 209 2360 ·
234 2346 387 2382 secunda
401 2359 439 2380 es
455 2372 465 2386 ‚
484 2348 650 2389 preceris,
672 2352 757 2379 tuos.
775 2343 911 2378 Verum

164 2442 169 2445 ,
237 2398 365 2432 Noster
386 2396 594 2442 apostropha
618 2408 728 2441 prope
747 2395 911 2429 abutitur.

237 2449 358 2484 Nolim
385 2449 491 2494 igitur
512 2448 675 2484 eamdem
700 2449 732 2483 ei
760 2448 921 2493 figuram.

238 2500 344 2534 etiam
354 2499 469 2535 invitis
478 2500 573 2535 libris
583 2499 835 2534 obtinuit—De
847 2500 914 2534 La·

238 2555 318 2586 τίκα
330 2551 453 2586 confer
467 2552 504 2587 Π
512 2578 523 2595 ,
539 2555 612 2599 449.

284 2603 450 2650 259-398.
457 2604 623 2638 Saliorum
633 2607 725 2647 origo
739 2602 912 2646 elsestucn.

242 2653 445 2689 Secundum
458 2654 632 2690 Plutarch.
643 2656 750 2691 Num.
761 2667 833 2699 cap.
853 2655 911 2698 13,

240 2714 362 2741 octavo
369 2706 598 2750 regniNumae
604 2719 712 2750 anno,
724 2718 833 2753 quum
843 2718 916 2750 pes-

969 1062 1066 1084 aenea
1095 1064 1115 1085 c
1145 1050 1229 1085 caelo
1252 1049 1434 1084 delabitur.
1465 1050 1582 1085 Numa
1607 1063 1649 1084 ex

971 1101 1097 1147 Egeria
1112 1097 1292 1146 Musisque
1307 1113 1343 1135 se
1356 1101 1403 1135 ait
1418 1102 1626 1147 comperisse
1637 1129 1648 1146 ,

972 1154 1112 1188 missam
1128 1154 1222 1188 illam
1238 1166 1311 1188 esse
1325 1153 1361 1188 in
1374 1154 1471 1189 urbis
1479 1155 1627 1189 salutem
1636 1181 1647 1195 ‚

972 1206 1248 1251 servandamque
1273 1219 1355 1241 cum
1383 1207 1548 1242 undecim
1578 1207 1653 1242 aliis

973 1257 1077 1291 scutis
1095 1257 1254 1301 ejusdem
1269 1257 1403 1292 sormae.
1428 1258 1515 1303 Quo
1535 1259 1627 1295 sacto
1639 1287 1651 1305 ,

974 1310 1118 1344 morbus
1128 1311 1280 1345 cessavit.
1295 1311 1391 1346 Hinc
1401 1324 1461 1346 rex
1475 1311 1586 1347 salios
1596 1313 1654 1347 in-

970 1361 1094 1404 stituit,
1104 1361 1278 1406 peltarum
1289 1362 1434 1396 istarum
1443 1363 1605 1398 custodes
1615 1371 1655 1399 et

972 1411 1159 1446 ministros.
1169 1411 1316 1459 Dionys.
1324 1413 1362 1448 11
1371 1438 1381 1455 ,
1396 1426 1413 1457 7
1421 1427 1451 1456 1,
1463 1413 1530 1448 hoc
1537 1427 1653 1450 unum

969 1470 1111 1506 nar-zat.
1126 1470 1267 1499 scutum
1277 1463 1455 1509 quoddam
1471 1466 1508 1499 in
1527 1466 1655 1501 Numae

970 1515 1066 1561 regia
1079 1515 1267 1551 inventum
1281 1529 1355 1552 esse
1367 1543 1378 1559 ‚
1400 1530 1421 1551 a
1436 1518 1533 1552 nullo
1546 1531 1654 1553 mor-

974 1567 1032 1604 tali
1042 1567 1332 1603 illatherum
1339 1567 1490 1604 Ovidius
1495 1570 1550 1604 vel
1559 1571 1630 1615 ipse
1640 1597 1652 1613 ,

972 1618 1027 1655 vel
1043 1618 1299 1654 alios-auctores
1310 1626 1448 1654 secutus
1458 1646 1469 1663 ,
1481 1621 1574 1655 aliud
1585 1622 1656 1656 mi-

973 1670 1133 1705 raculum
1142 1669 1352 1713 immiscuit,
1369 1670 1464 1715 quod
1478 1672 1656 1708 Plutarch.

971 1736 1046 1768 cap.
1059 1726 1106 1758 -15
1118 1721 1274 1766 ,τοίω-Ι.
1302 1723 1482 1758 Arnobius
1506 1731 1625 1759 autem
1640 1753 1651 1770 ,

972 1775 1031 1810 lib.
1048 1774 1083 1807 V
1093 1788 1195 1821 ἕρεις.
1214 1777 1277 1818 154
1287 1802 1297 1819 ‚
1313 1788 1354 1810 ex
1366 1776 1513 1820 Antiate
1527 1779 1660 1823 repetit

974 1833 1010 1861 et
1025 1826 1183 1871 exagitat.
1201 1826 1363 1872 Namque
1378 1827 1526 1862 fulmina
1541 1841 1654 1874 quum

974 1878 1163 1924 aliquando
1175 1879 1326 1924 plurima
1341 1880 1563 1925 cecidissent,
1577 1883 1657 1917 Nu·-

974 1940 1034 1967 ma
1044 1938 1063 1975 '5
1086 1933 1260 1966 -nstnte
1286 1932 1413 1977 Egeria
1429 1959 1440 1977 ‚
1467 1934 1591 1972 Picum
1618 1943 1656 1971 et

975 1984 1140 2019 Faunum
1157 2010 1168 2027 ,
1189 1985 1225 2018 vi
1245 1984 1417 2028 adhibita,
1440 1988 1590 2023 consulit
1608 1988 1654 2023 de

974 2036 1016 2070 iis
1038 2035 1229 2082 expiandis.
1250 2037 1394 2071 Horum
1413 2044 1486 2072 arte
1513 2039 1656 2084 Jupiter

975 2086 1141 2128 calesti-e
1161 2087 1244 2123 sede
1265 2087 1310 2122 ad
1332 2089 1544 2135 colloquium
1570 2104 1654 2126 cum

974 2135 1261 2182 Numaelieitur,
1277 2151 1431 2184 eumque
1445 2140 1566 2184 docet,
1585 2155 1654 2186 qua

975 2189 1111 2224 ratione
1137 2190 1286 2225 fuhnina
1311 2191 1383 2227 sint
1409 2193 1628 2238 procuranda
1642 2208 1652 2236 ;

977 2241 1063 2285 quin
1081 2241 1228 2287 pignora
1240 2242 1380 2288 imperii
1395 2251 1490 2278 certa
1508 2244 1540 2278 ei
1561 2256 1652 2289 pro-

975 2292 1094 2327 mittit.
1120 2292 1339 2328 Promissum
1362 2294 1450 2329 fides
1473 2295 1651 2340 sequitur;

975 2344 1087 2379 altero
1114 2344 1212 2378 enim
1237 2344 1295 2380 &e
1320 2346 1415 2380 inter
1437 2346 1592 2381 tonitrua
1615 2354 1653 2381 et

975 2395 1112 2440 fulgura
1122 2402 1261 2430 scutum
1269 2395 1410 2440 leniter,
1420 2398 1550 2443 populo
1556 2411 1653 2444 spec·

978 2455 1125 2482 tanteet
1140 2448 1372 2492 acclamante,
1389 2449 1528 2486 decidit.
1544 2450 1586 2485 ld
1603 2464 1662 2486 ne:

975 2500 1071 2534 furto
1078 2499 1204 2535 auferri
1212 2501 1330 2546 possit,
1338 2501 1655 2549 Mamurinsopisex

975 2551 1119 2595 jubetur
1133 2551 1233 2596 plura
1246 2558 1342 2588 scuta
1355 2552 1514 2598 ejusdem
1530 2554 1653 2600 figurae

977 2604 1103 2639 facere.

1020 2655 1187 2703 259-262.
1213 2655 1313 2690 Nova
1338 2656 1520 2693 invooetio.
1546 2660 1657 2693 Marti

980 2708 1130 2742 Gradt‘m
1136 2707 1215 2743 lecti
1223 2715 1323 2743 erant
1331 2708 1414 2744 Salii
1424 2735 1435 2752 ,
1444 2709 1518 2743 Liv.
1533 2710 1569 2752 1,
1586 2723 1630 2744 20
1639 2735 1650 2752 ,
