<?xml version="1.0" encoding="UTF-8"?>
<!DOCTYPE html PUBLIC "-//W3C//DTD XHTML 1.0 Transitional//EN"
    "http://www.w3.org/TR/xhtml1/DTD/xhtml1-transitional.dtd">
<html xmlns="http://www.w3.org/1999/xhtml" xml:lang="en" lang="en">
 <head>
  <title>
</title>
<meta http-equiv="Content-Type" content="text/html;charset=utf-8" />
  <meta name='ocr-system' content='tesseract 3.04.00' />
  <meta name='ocr-capabilities' content='ocr_page ocr_carea ocr_par ocr_line ocrx_word'/>
</head>
<body>
  <div class='ocr_page' id='page_1' title='image "./quaeextantomniao06oviduoft_0387.png"; bbox 0 0 1826 3054; ppageno 0'>
   <div class='ocr_carea' id='block_1_1' title="bbox 492 267 1161 312">
    <p class='ocr_par' dir='ltr' id='par_1_1' title="bbox 492 267 1161 312">
     <span class='ocr_line' id='line_1_1' title="bbox 492 267 1161 312; baseline 0.003 -2"><span class='ocrx_word' id='word_1_1' title='bbox 492 267 898 311; x_wconf 88' lang='lat' dir='ltr'><strong>FASTORUM</strong></span> <span class='ocrx_word' id='word_1_2' title='bbox 939 269 1069 312; x_wconf 89' lang='lat' dir='ltr'><strong>LIB.</strong></span> <span class='ocrx_word' id='word_1_3' title='bbox 1104 270 1161 312; x_wconf 88' lang='lat' dir='ltr'><strong>V.</strong></span> 
     </span>
    </p>
   </div>
   <div class='ocr_carea' id='block_1_2' title="bbox 118 360 1377 426">
    <p class='ocr_par' dir='ltr' id='par_1_2' title="bbox 118 360 1377 426">
     <span class='ocr_line' id='line_1_2' title="bbox 118 360 1377 426; baseline 0.003 -19"><span class='ocrx_word' id='word_1_4' title='bbox 118 360 250 407; x_wconf 86' lang='lat' dir='ltr'>Fama</span> <span class='ocrx_word' id='word_1_5' title='bbox 274 371 425 408; x_wconf 88' lang='lat' dir='ltr'><strong>vetus:</strong></span> <span class='ocrx_word' id='word_1_6' title='bbox 444 371 560 418; x_wconf 88' lang='lat' dir='ltr'><strong>tum,</strong></span> <span class='ocrx_word' id='word_1_7' title='bbox 588 379 724 426; x_wconf 87' lang='lat' dir='ltr'><strong>quum</strong></span> <span class='ocrx_word' id='word_1_8' title='bbox 749 360 953 409; x_wconf 82' lang='lat' dir='ltr'><strong>Saturnia</strong></span> <span class='ocrx_word' id='word_1_9' title='bbox 976 371 1089 409; x_wconf 87' lang='lat' dir='ltr'><strong>terra</strong></span> <span class='ocrx_word' id='word_1_10' title='bbox 1111 372 1262 409; x_wconf 81' lang='lat' dir='ltr'><strong>vocata</strong></span> <span class='ocrx_word' id='word_1_11' title='bbox 1286 373 1377 420; x_wconf 86' lang='lat' dir='ltr'><strong>est,</strong></span> 
     </span>
    </p>
   </div>
   <div class='ocr_carea' id='block_1_3' title="bbox 1445 272 1529 331">
    <p class='ocr_par' dir='ltr' id='par_1_3' title="bbox 1445 272 1529 331">
     <span class='ocr_line' id='line_1_3' title="bbox 1445 272 1529 331; baseline 0 -17"><span class='ocrx_word' id='word_1_12' title='bbox 1445 272 1529 331; x_wconf 79' lang='lat'><strong>373</strong></span> 
     </span>
    </p>
   </div>
   <div class='ocr_carea' id='block_1_4' title="bbox 1467 378 1533 411">
    <p class='ocr_par' dir='ltr' id='par_1_4' title="bbox 1467 378 1533 411">
     <span class='ocr_line' id='line_1_4' title="bbox 1467 378 1533 411; baseline 0 -1"><span class='ocrx_word' id='word_1_13' title='bbox 1467 378 1533 411; x_wconf 70' lang='lat'><strong>6:25</strong></span> 
     </span>
    </p>
   </div>
   <div class='ocr_carea' id='block_1_5' title="bbox 120 437 1292 743">
    <p class='ocr_par' dir='ltr' id='par_1_5' title="bbox 120 437 1292 743">
     <span class='ocr_line' id='line_1_5' title="bbox 183 437 891 509; baseline 0.001 -25"><span class='ocrx_word' id='word_1_14' title='bbox 183 437 306 486; x_wconf 88' lang='lat' dir='ltr'><strong>Talia</strong></span> <span class='ocrx_word' id='word_1_15' title='bbox 328 438 492 486; x_wconf 82' lang='lat' dir='ltr'><strong>fatidici</strong></span> <span class='ocrx_word' id='word_1_16' title='bbox 514 438 630 486; x_wconf 88' lang='lat' dir='ltr'><strong>dicta</strong></span> <span class='ocrx_word' id='word_1_17' title='bbox 654 438 772 509; x_wconf 62' lang='lat' dir='ltr'><strong>fuere</strong></span> <span class='ocrx_word' id='word_1_18' title='bbox 794 438 891 486; x_wconf 84' lang='lat' dir='ltr'><strong>dei:</strong></span> 
     </span>
     <span class='ocr_line' id='line_1_6' title="bbox 120 518 1165 586; baseline 0.003 -20"><span class='ocrx_word' id='word_1_19' title='bbox 120 518 332 567; x_wconf 85' lang='lat' dir='ltr'><strong>Falcisero</strong></span> <span class='ocrx_word' id='word_1_20' title='bbox 357 519 491 568; x_wconf 82' lang='lat' dir='ltr'><strong>libata</strong></span> <span class='ocrx_word' id='word_1_21' title='bbox 514 520 607 568; x_wconf 91' lang='lat' dir='ltr'><strong>seni</strong></span> <span class='ocrx_word' id='word_1_22' title='bbox 633 520 724 568; x_wconf 87' lang='lat' dir='ltr'><strong>duo</strong></span> <span class='ocrx_word' id='word_1_23' title='bbox 751 538 962 586; x_wconf 86' lang='lat' dir='ltr'><strong>corpora,</strong></span> <span class='ocrx_word' id='word_1_24' title='bbox 989 531 1165 583; x_wconf 82' lang='lat' dir='ltr'><strong>gentes,</strong></span> 
     </span>
     <span class='ocr_line' id='line_1_7' title="bbox 187 597 1138 665; baseline 0.003 -21"><span class='ocrx_word' id='word_1_25' title='bbox 187 597 354 645; x_wconf 82' lang='lat' dir='ltr'><strong>Mittite</strong></span> <span class='ocrx_word' id='word_1_26' title='bbox 368 634 380 653; x_wconf 88' lang='lat'>‚</span> <span class='ocrx_word' id='word_1_27' title='bbox 407 616 502 663; x_wconf 85' lang='lat' dir='ltr'><strong>quae</strong></span> <span class='ocrx_word' id='word_1_28' title='bbox 523 598 680 647; x_wconf 87' lang='lat' dir='ltr'><strong>Tuscis</strong></span> <span class='ocrx_word' id='word_1_29' title='bbox 703 598 977 665; x_wconf 78' lang='lat' dir='ltr'>excipiantur</span> <span class='ocrx_word' id='word_1_30' title='bbox 999 600 1138 665; x_wconf 88' lang='lat' dir='ltr'><strong>aquis.</strong></span> 
     </span>
     <span class='ocr_line' id='line_1_8' title="bbox 122 674 1292 743; baseline 0.003 -22"><span class='ocrx_word' id='word_1_31' title='bbox 122 675 275 722; x_wconf 89' lang='lat' dir='ltr'><strong>Donec</strong></span> <span class='ocrx_word' id='word_1_32' title='bbox 298 674 343 721; x_wconf 92' lang='lat' dir='ltr'><strong>in</strong></span> <span class='ocrx_word' id='word_1_33' title='bbox 364 674 455 723; x_wconf 85' lang='lat' dir='ltr'><strong>haec</strong></span> <span class='ocrx_word' id='word_1_34' title='bbox 475 675 595 723; x_wconf 88' lang='lat' dir='ltr'><strong>venit</strong></span> <span class='ocrx_word' id='word_1_35' title='bbox 615 675 876 742; x_wconf 82' lang='lat' dir='ltr'><strong>Tirynthius</strong></span> <span class='ocrx_word' id='word_1_36' title='bbox 896 695 996 724; x_wconf 87' lang='lat' dir='ltr'><strong>arva</strong></span> <span class='ocrx_word' id='word_1_37' title='bbox 1014 714 1026 733; x_wconf 89' lang='lat'>‚</span> <span class='ocrx_word' id='word_1_38' title='bbox 1053 676 1292 743; x_wconf 81' lang='lat' dir='ltr'><strong>quotannis</strong></span> 
     </span>
    </p>
   </div>
   <div class='ocr_carea' id='block_1_6' title="bbox 184 751 1104 820">
    <p class='ocr_par' dir='ltr' id='par_1_6' title="bbox 184 751 1104 820">
     <span class='ocr_line' id='line_1_9' title="bbox 184 751 1104 820; baseline 0.003 -21"><span class='ocrx_word' id='word_1_39' title='bbox 184 752 348 800; x_wconf 87' lang='lat' dir='ltr'><strong>Tristia</strong></span> <span class='ocrx_word' id='word_1_40' title='bbox 372 751 592 802; x_wconf 85' lang='lat' dir='ltr'><strong>Leucadio</strong></span> <span class='ocrx_word' id='word_1_41' title='bbox 616 771 736 801; x_wconf 85' lang='lat' dir='ltr'><strong>sacra</strong></span> <span class='ocrx_word' id='word_1_42' title='bbox 758 765 931 820; x_wconf 87' lang='lat' dir='ltr'><strong>peracta</strong></span> <span class='ocrx_word' id='word_1_43' title='bbox 955 753 1104 802; x_wconf 88' lang='lat' dir='ltr'><strong>modo.</strong></span> 
     </span>
    </p>
   </div>
   <div class='ocr_carea' id='block_1_7' title="bbox 1470 770 1537 803">
    <p class='ocr_par' dir='ltr' id='par_1_7' title="bbox 1470 770 1537 803">
     <span class='ocr_line' id='line_1_10' title="bbox 1470 770 1537 803; baseline -0.045 0"><span class='ocrx_word' id='word_1_44' title='bbox 1470 770 1537 803; x_wconf 83' lang='lat'><strong>630</strong></span> 
     </span>
    </p>
   </div>
   <div class='ocr_carea' id='block_1_8' title="bbox 118 825 1236 1048">
    <p class='ocr_par' dir='ltr' id='par_1_8' title="bbox 118 825 1232 1048">
     <span class='ocr_line' id='line_1_11' title="bbox 118 825 1232 895; baseline 0.003 -21"><span class='ocrx_word' id='word_1_45' title='bbox 118 825 251 875; x_wconf 92' lang='lat' dir='ltr'><strong>Illum</strong></span> <span class='ocrx_word' id='word_1_46' title='bbox 275 828 532 877; x_wconf 83' lang='lat' dir='ltr'>stramineos</span> <span class='ocrx_word' id='word_1_47' title='bbox 554 828 602 875; x_wconf 89' lang='lat' dir='ltr'><strong>in</strong></span> <span class='ocrx_word' id='word_1_48' title='bbox 626 847 785 895; x_wconf 88' lang='lat' dir='ltr'><strong>aquam</strong></span> <span class='ocrx_word' id='word_1_49' title='bbox 806 828 978 877; x_wconf 80' lang='lat' dir='ltr'><strong>misisse</strong></span> <span class='ocrx_word' id='word_1_50' title='bbox 1001 829 1232 892; x_wconf 81' lang='lat' dir='ltr'><strong>Quirites:</strong></span> 
     </span>
     <span class='ocr_line' id='line_1_12' title="bbox 186 904 1063 972; baseline 0 -19"><span class='ocrx_word' id='word_1_51' title='bbox 186 905 389 954; x_wconf 87' lang='lat' dir='ltr'><strong>Herculis</strong></span> <span class='ocrx_word' id='word_1_52' title='bbox 410 904 608 971; x_wconf 87' lang='lat' dir='ltr'><strong>exemplo</strong></span> <span class='ocrx_word' id='word_1_53' title='bbox 634 924 820 972; x_wconf 89' lang='lat' dir='ltr'><strong>corpora</strong></span> <span class='ocrx_word' id='word_1_54' title='bbox 837 905 980 954; x_wconf 79' lang='lat' dir='ltr'><strong>falsa&#39;</strong></span> <span class='ocrx_word' id='word_1_55' title='bbox 964 906 1063 970; x_wconf 80' lang='lat' dir='ltr'><strong>Jaei.</strong></span> 
     </span>
     <span class='ocr_line' id='line_1_13' title="bbox 121 960 1236 1048; baseline 0.002 -18"><span class='ocrx_word' id='word_1_56' title='bbox 121 982 229 1030; x_wconf 89' lang='lat' dir='ltr'><strong>Pars</strong></span> <span class='ocrx_word' id='word_1_57' title='bbox 252 993 404 1048; x_wconf 86' lang='lat' dir='ltr'><strong>putat,</strong></span> <span class='ocrx_word' id='word_1_58' title='bbox 427 994 479 1030; x_wconf 87' lang='lat' dir='ltr'><strong>ut</strong></span> <span class='ocrx_word' id='word_1_59' title='bbox 500 981 696 1030; x_wconf 87' lang='lat' dir='ltr'><strong>ferrent</strong></span> <span class='ocrx_word' id='word_1_60' title='bbox 683 1001 864 1047; x_wconf 72' lang='lat' dir='ltr'><strong>juvenes</strong></span> <span class='ocrx_word' id='word_1_61' title='bbox 887 983 1095 1046; x_wconf 82' lang='lat' dir='ltr'><strong>suffragia</strong></span> <span class='ocrx_word' id='word_1_62' title='bbox 1118 960 1236 1042; x_wconf 76' lang='grc' dir='ltr'>εοΙί,</span> 
     </span>
    </p>
   </div>
   <div class='ocr_carea' id='block_1_9' title="bbox 123 1112 817 2828">
    <p class='ocr_par' dir='ltr' id='par_1_9' title="bbox 123 1112 803 1368">
     <span class='ocr_line' id='line_1_14' title="bbox 165 1112 801 1159; baseline 0.002 -12"><span class='ocrx_word' id='word_1_63' title='bbox 165 1113 242 1147; x_wconf 76' lang='lat'><strong>625.</strong></span> <span class='ocrx_word' id='word_1_64' title='bbox 264 1112 415 1159; x_wconf 81' lang='lat' dir='ltr'><strong>Pelasgis</strong></span> <span class='ocrx_word' id='word_1_65' title='bbox 434 1112 595 1148; x_wconf 71' lang='lat' dir='ltr'><strong>Dodona</strong></span> <span class='ocrx_word' id='word_1_66' title='bbox 615 1114 801 1149; x_wconf 85' lang='lat' dir='ltr'><strong>oraculum</strong></span> 
     </span>
     <span class='ocr_line' id='line_1_15' title="bbox 124 1165 803 1223; baseline 0.004 -24"><span class='ocrx_word' id='word_1_67' title='bbox 124 1173 201 1200; x_wconf 83' lang='lat' dir='ltr'><strong>erat</strong></span> <span class='ocrx_word' id='word_1_68' title='bbox 215 1165 367 1200; x_wconf 88' lang='lat' dir='ltr'><strong>editum:</strong></span> <span class='ocrx_word' id='word_1_69' title='bbox 384 1173 436 1202; x_wconf 74' lang='grc' dir='ltr'><strong>Στε</strong></span> <span class='ocrx_word' id='word_1_70' title='bbox 424 1172 488 1210; x_wconf 72' lang='grc' dir='ltr'><strong>εἶχε</strong></span> <span class='ocrx_word' id='word_1_71' title='bbox 478 1183 521 1202; x_wconf 67' lang='grc' dir='ltr'><strong>«ετ</strong></span> <span class='ocrx_word' id='word_1_72' title='bbox 535 1170 697 1223; x_wconf 48' lang='lat' dir='ltr'><strong>[saciet-101</strong></span> <span class='ocrx_word' id='word_1_73' title='bbox 711 1173 779 1203; x_wconf 70' lang='lat' dir='ltr'><strong>zm</strong></span> <span class='ocrx_word' id='word_1_74' title='bbox 781 1186 803 1192; x_wconf 91' lang='lat'>-</span> 
     </span>
     <span class='ocr_line' id='line_1_16' title="bbox 126 1218 803 1269; baseline 0.003 -17"><span class='ocrx_word' id='word_1_75' title='bbox 126 1224 185 1253; x_wconf 72' lang='grc' dir='ltr'><strong>λῶν</strong></span> <span class='ocrx_word' id='word_1_76' title='bbox 208 1224 385 1267; x_wconf 66' lang='grc' dir='ltr'><strong><em>Σπουρίια·</em></strong></span> <span class='ocrx_word' id='word_1_77' title='bbox 408 1224 503 1262; x_wconf 68' lang='grc' dir='ltr'><em>αἶαν,</em></span> <span class='ocrx_word' id='word_1_78' title='bbox 525 1218 583 1255; x_wconf 57' lang='lat' dir='ltr'><strong>Bt?</strong></span> <span class='ocrx_word' id='word_1_79' title='bbox 602 1222 761 1269; x_wconf 64' lang='lat' dir='ltr'><strong>AGofqe-e&#39;</strong></span> <span class='ocrx_word' id='word_1_80' title='bbox 748 1235 803 1255; x_wconf 78' lang='grc' dir='ltr'><strong>εων</strong></span> 
     </span>
     <span class='ocr_line' id='line_1_17' title="bbox 126 1272 802 1315; baseline 0 -10"><span class='ocrx_word' id='word_1_81' title='bbox 126 1276 206 1305; x_wconf 73' lang='grc' dir='ltr'><strong>Κοτυ</strong></span> <span class='ocrx_word' id='word_1_82' title='bbox 200 1274 261 1310; x_wconf 72' lang='grc' dir='ltr'><strong>λἠν</strong></span> <span class='ocrx_word' id='word_1_83' title='bbox 279 1296 289 1313; x_wconf 86' lang='lat'><em>,</em></span> <span class='ocrx_word' id='word_1_84' title='bbox 314 1275 345 1305; x_wconf 82' lang='grc' dir='ltr'><strong>οὖ</strong></span> <span class='ocrx_word' id='word_1_85' title='bbox 369 1276 458 1309; x_wconf 65' lang='grc' dir='ltr'><strong><em>»ἆτος</em></strong></span> <span class='ocrx_word' id='word_1_86' title='bbox 487 1272 692 1315; x_wconf 64' lang='lat' dir='ltr'><strong>rixatur-013</strong></span> <span class='ocrx_word' id='word_1_87' title='bbox 719 1272 802 1305; x_wconf 71' lang='grc' dir='ltr'><strong>ἄνα-</strong></span> 
     </span>
     <span class='ocr_line' id='line_1_18' title="bbox 123 1325 802 1369; baseline 0.001 -12"><span class='ocrx_word' id='word_1_88' title='bbox 123 1326 221 1366; x_wconf 63' lang='grc' dir='ltr'><strong>μιχῆί</strong></span> <span class='ocrx_word' id='word_1_89' title='bbox 212 1338 283 1360; x_wconf 66' lang='grc' dir='ltr'><strong>κε,</strong></span> <span class='ocrx_word' id='word_1_90' title='bbox 272 1327 347 1357; x_wconf 70' lang='grc' dir='ltr'><strong>δἐι</strong></span> <span class='ocrx_word' id='word_1_91' title='bbox 331 1339 425 1363; x_wconf 65' lang='grc' dir='ltr'><strong><em>κατην</em></strong></span> <span class='ocrx_word' id='word_1_92' title='bbox 453 1340 490 1357; x_wconf 65' lang='grc' dir='ltr'><strong>κε</strong></span> <span class='ocrx_word' id='word_1_93' title='bbox 493 1325 608 1368; x_wconf 62' lang='lat' dir='ltr'><strong>&#39;pt-pne</strong></span> <span class='ocrx_word' id='word_1_94' title='bbox 597 1327 733 1369; x_wconf 54' lang='lat' dir='ltr'><strong>effloiecp,</strong></span> <span class='ocrx_word' id='word_1_95' title='bbox 749 1329 802 1358; x_wconf 77' lang='grc' dir='ltr'><strong>καὶ</strong></span> 
     </span>
    </p>

    <p class='ocr_par' dir='ltr' id='par_1_10' title="bbox 126 1377 813 2514">
     <span class='ocr_line' id='line_1_19' title="bbox 148 1377 802 1424; baseline 0.002 -14.057"><span class='ocrx_word' id='word_1_96' title='bbox 148 1377 256 1421; x_wconf 59' lang='grc' dir='ltr'><strong>ᾳᾶλας</strong></span> <span class='ocrx_word' id='word_1_97' title='bbox 280 1380 378 1422; x_wconf 52' lang='lat' dir='ltr'><strong>AQ,</strong></span> <span class='ocrx_word' id='word_1_98' title='bbox 408 1381 461 1410; x_wconf 73' lang='lat' dir='ltr'><strong>nti</strong></span> <span class='ocrx_word' id='word_1_99' title='bbox 486 1382 529 1422; x_wconf 77' lang='grc' dir='ltr'><strong>τῷ</strong></span> <span class='ocrx_word' id='word_1_100' title='bbox 555 1382 647 1424; x_wconf 65' lang='grc' dir='ltr'><strong><em>πατρὶ</em></strong></span> <span class='ocrx_word' id='word_1_101' title='bbox 674 1393 707 1409; x_wconf 69' lang='grc' dir='ltr'><strong>ιε</strong></span> <span class='ocrx_word' id='word_1_102' title='bbox 702 1379 767 1419; x_wconf 63' lang='lat' dir='ltr'><strong>&#39;pazt</strong></span> <span class='ocrx_word' id='word_1_103' title='bbox 770 1392 802 1411; x_wconf 74' lang='lat' dir='ltr'><strong>re</strong></span> 
     </span>
     <span class='ocr_line' id='line_1_20' title="bbox 128 1426 801 1471; baseline -0.001 -10"><span class='ocrx_word' id='word_1_104' title='bbox 128 1434 192 1468; x_wconf 61' lang='grc' dir='ltr'><strong>φῶ·</strong></span> <span class='ocrx_word' id='word_1_105' title='bbox 194 1443 224 1461; x_wconf 71' lang='grc' dir='ltr'><strong>α.</strong></span> <span class='ocrx_word' id='word_1_106' title='bbox 232 1427 315 1461; x_wconf 77' lang='lat' dir='ltr'><strong>«Ite</strong></span> <span class='ocrx_word' id='word_1_107' title='bbox 327 1426 729 1471; x_wconf 77' lang='lat' dir='ltr'><strong>quaerentesSiculorum</strong></span> <span class='ocrx_word' id='word_1_108' title='bbox 741 1426 801 1460; x_wconf 81' lang='lat' dir='ltr'><strong>Sa-</strong></span> 
     </span>
     <span class='ocr_line' id='line_1_21' title="bbox 127 1478 801 1523; baseline 0 -12"><span class='ocrx_word' id='word_1_109' title='bbox 127 1478 280 1512; x_wconf 85' lang='lat' dir='ltr'><strong>turniam</strong></span> <span class='ocrx_word' id='word_1_110' title='bbox 290 1485 419 1513; x_wconf 83' lang='lat' dir='ltr'><strong>terram</strong></span> <span class='ocrx_word' id='word_1_111' title='bbox 430 1505 440 1521; x_wconf 87' lang='lat'>,</span> <span class='ocrx_word' id='word_1_112' title='bbox 452 1485 555 1523; x_wconf 87' lang='lat' dir='ltr'><strong>atque</strong></span> <span class='ocrx_word' id='word_1_113' title='bbox 568 1478 801 1523; x_wconf 82' lang='lat' dir='ltr'><strong>Aboriginum</strong></span> 
     </span>
     <span class='ocr_line' id='line_1_22' title="bbox 130 1528 801 1577; baseline 0.001 -14"><span class='ocrx_word' id='word_1_114' title='bbox 130 1528 302 1577; x_wconf 80' lang='lat' dir='ltr'><strong>Cotylen,</strong></span> <span class='ocrx_word' id='word_1_115' title='bbox 324 1530 383 1564; x_wconf 90' lang='lat' dir='ltr'><strong>ubi</strong></span> <span class='ocrx_word' id='word_1_116' title='bbox 403 1530 514 1565; x_wconf 82' lang='lat' dir='ltr'><strong>insula</strong></span> <span class='ocrx_word' id='word_1_117' title='bbox 530 1537 637 1564; x_wconf 84' lang='lat' dir='ltr'><strong>natat.</strong></span> <span class='ocrx_word' id='word_1_118' title='bbox 660 1529 801 1575; x_wconf 79' lang='lat' dir='ltr'><strong>Quibus</strong></span> 
     </span>
     <span class='ocr_line' id='line_1_23' title="bbox 126 1582 800 1628; baseline 0 -12"><span class='ocrx_word' id='word_1_119' title='bbox 126 1582 286 1628; x_wconf 77' lang='lat' dir='ltr'><strong>permixti</strong></span> <span class='ocrx_word' id='word_1_120' title='bbox 305 1582 477 1617; x_wconf 82' lang='lat' dir='ltr'>decimam</span> <span class='ocrx_word' id='word_1_121' title='bbox 494 1582 622 1616; x_wconf 86' lang='lat' dir='ltr'><strong>mittite</strong></span> <span class='ocrx_word' id='word_1_122' title='bbox 639 1582 773 1616; x_wconf 86' lang='lat' dir='ltr'><strong>Phoebo</strong></span> <span class='ocrx_word' id='word_1_123' title='bbox 789 1608 800 1625; x_wconf 84' lang='lat'>,</span> 
     </span>
     <span class='ocr_line' id='line_1_24' title="bbox 127 1634 803 1680; baseline 0 -11"><span class='ocrx_word' id='word_1_124' title='bbox 127 1642 164 1669; x_wconf 89' lang='lat' dir='ltr'><strong>et</strong></span> <span class='ocrx_word' id='word_1_125' title='bbox 181 1635 291 1680; x_wconf 84' lang='lat' dir='ltr'><strong>capita</strong></span> <span class='ocrx_word' id='word_1_126' title='bbox 306 1634 381 1669; x_wconf 90' lang='lat' dir='ltr'><strong>Diti</strong></span> <span class='ocrx_word' id='word_1_127' title='bbox 395 1662 405 1678; x_wconf 89' lang='lat'>,</span> <span class='ocrx_word' id='word_1_128' title='bbox 432 1642 466 1670; x_wconf 89' lang='lat' dir='ltr'><strong>et</strong></span> <span class='ocrx_word' id='word_1_129' title='bbox 488 1636 577 1680; x_wconf 87' lang='lat' dir='ltr'><strong>patri</strong></span> <span class='ocrx_word' id='word_1_130' title='bbox 600 1635 728 1669; x_wconf 85' lang='lat' dir='ltr'><strong>mittite</strong></span> <span class='ocrx_word' id='word_1_131' title='bbox 743 1635 803 1669; x_wconf 84' lang='lat' dir='ltr'><strong>vi-</strong></span> 
     </span>
     <span class='ocr_line' id='line_1_25' title="bbox 126 1685 804 1734; baseline 0 -14"><span class='ocrx_word' id='word_1_132' title='bbox 126 1699 207 1720; x_wconf 81' lang='lat' dir='ltr'><strong>rum</strong></span> <span class='ocrx_word' id='word_1_133' title='bbox 220 1701 229 1729; x_wconf 85' lang='lat'>;</span> <span class='ocrx_word' id='word_1_134' title='bbox 242 1701 259 1717; x_wconf 69' lang='lat' dir='ltr'><strong>a</strong></span> <span class='ocrx_word' id='word_1_135' title='bbox 267 1685 630 1734; x_wconf 56' lang='lat' dir='ltr'><strong>&#39;Dionysius—Dein</strong></span> <span class='ocrx_word' id='word_1_136' title='bbox 639 1686 804 1721; x_wconf 87' lang='lat' dir='ltr'><strong>Medieeo</strong></span> 
     </span>
     <span class='ocr_line' id='line_1_26' title="bbox 127 1738 802 1784; baseline 0 -12"><span class='ocrx_word' id='word_1_137' title='bbox 127 1738 252 1773; x_wconf 80' lang='lat' dir='ltr'><strong>Heius.</strong></span> <span class='ocrx_word' id='word_1_138' title='bbox 261 1739 357 1773; x_wconf 90' lang='lat' dir='ltr'><strong>dedit</strong></span> <span class='ocrx_word' id='word_1_139' title='bbox 366 1766 376 1783; x_wconf 92' lang='lat'><em>,</em></span> <span class='ocrx_word' id='word_1_140' title='bbox 385 1739 477 1773; x_wconf 75' lang='lat' dir='ltr'><strong>utde</strong></span> <span class='ocrx_word' id='word_1_141' title='bbox 489 1739 650 1784; x_wconf 76' lang='lat' dir='ltr'><strong>Apolline</strong></span> <span class='ocrx_word' id='word_1_142' title='bbox 660 1746 781 1784; x_wconf 80' lang='lat' dir='ltr'><strong>agatur</strong></span> <span class='ocrx_word' id='word_1_143' title='bbox 791 1752 802 1780; x_wconf 80' lang='lat'>3</span> 
     </span>
     <span class='ocr_line' id='line_1_27' title="bbox 128 1792 803 1838; baseline 0.001 -13"><span class='ocrx_word' id='word_1_144' title='bbox 128 1798 164 1825; x_wconf 85' lang='lat' dir='ltr'><strong>et</strong></span> <span class='ocrx_word' id='word_1_145' title='bbox 184 1792 360 1827; x_wconf 80' lang='lat' dir='ltr'><strong>Amobius</strong></span> <span class='ocrx_word' id='word_1_146' title='bbox 383 1792 480 1827; x_wconf 89' lang='lat' dir='ltr'><strong>dicto</strong></span> <span class='ocrx_word' id='word_1_147' title='bbox 502 1793 578 1827; x_wconf 85' lang='lat' dir='ltr'><strong>loco</strong></span> <span class='ocrx_word' id='word_1_148' title='bbox 602 1793 803 1838; x_wconf 78' lang='lat' dir='ltr'><strong>Apollinem</strong></span> 
     </span>
     <span class='ocr_line' id='line_1_28' title="bbox 128 1842 803 1890; baseline 0.001 -13"><span class='ocrx_word' id='word_1_149' title='bbox 128 1842 255 1878; x_wconf 75' lang='lat' dir='ltr'><strong>diserte</strong></span> <span class='ocrx_word' id='word_1_150' title='bbox 273 1844 431 1879; x_wconf 87' lang='lat' dir='ltr'><strong>nominat</strong></span> <span class='ocrx_word' id='word_1_151' title='bbox 445 1858 453 1879; x_wconf 87' lang='lat'>:</span> <span class='ocrx_word' id='word_1_152' title='bbox 473 1859 490 1874; x_wconf 89' lang='lat'>«</span> <span class='ocrx_word' id='word_1_153' title='bbox 507 1857 617 1889; x_wconf 86' lang='lat' dir='ltr'><strong>quum</strong></span> <span class='ocrx_word' id='word_1_154' title='bbox 628 1858 672 1879; x_wconf 78' lang='lat' dir='ltr'><strong>ex</strong></span> <span class='ocrx_word' id='word_1_155' title='bbox 686 1845 803 1890; x_wconf 85' lang='lat' dir='ltr'><strong>Apol-</strong></span> 
     </span>
     <span class='ocr_line' id='line_1_29' title="bbox 132 1895 804 1942; baseline 0.004 -13"><span class='ocrx_word' id='word_1_156' title='bbox 132 1909 151 1925; x_wconf 79' lang='lat'><strong>»</strong></span> <span class='ocrx_word' id='word_1_157' title='bbox 166 1895 245 1930; x_wconf 87' lang='lat' dir='ltr'><strong>linis</strong></span> <span class='ocrx_word' id='word_1_158' title='bbox 256 1897 392 1930; x_wconf 89' lang='lat' dir='ltr'><strong>monitu</strong></span> <span class='ocrx_word' id='word_1_159' title='bbox 408 1897 495 1942; x_wconf 85' lang='lat' dir='ltr'><strong>patri</strong></span> <span class='ocrx_word' id='word_1_160' title='bbox 507 1897 581 1932; x_wconf 85' lang='lat' dir='ltr'><strong>Diti</strong></span> <span class='ocrx_word' id='word_1_161' title='bbox 596 1911 635 1932; x_wconf 87' lang='lat' dir='ltr'><strong>ac</strong></span> <span class='ocrx_word' id='word_1_162' title='bbox 648 1897 804 1932; x_wconf 73' lang='lat' dir='ltr'><strong>Saturno</strong></span> 
     </span>
     <span class='ocr_line' id='line_1_30' title="bbox 133 1948 803 1995; baseline 0.001 -13"><span class='ocrx_word' id='word_1_163' title='bbox 133 1963 152 1978; x_wconf 67' lang='grc' dir='ltr'><strong><em>κ</em></strong></span> <span class='ocrx_word' id='word_1_164' title='bbox 167 1948 329 1984; x_wconf 86' lang='lat' dir='ltr'><strong>humanis</strong></span> <span class='ocrx_word' id='word_1_165' title='bbox 338 1950 504 1995; x_wconf 77' lang='lat' dir='ltr'><strong>capitibus</strong></span> <span class='ocrx_word' id='word_1_166' title='bbox 513 1951 771 1995; x_wconf 76' lang='lat' dir='ltr'><strong>supplicaretur.</strong></span> <span class='ocrx_word' id='word_1_167' title='bbox 785 1965 803 1981; x_wconf 72' lang='grc' dir='ltr'><strong>ιο</strong></span> 
     </span>
     <span class='ocr_line' id='line_1_31' title="bbox 135 1999 807 2049; baseline 0.003 -15"><span class='ocrx_word' id='word_1_168' title='bbox 135 1999 230 2045; x_wconf 84' lang='lat' dir='ltr'><strong>Quia</strong></span> <span class='ocrx_word' id='word_1_169' title='bbox 243 2014 347 2043; x_wconf 82' lang='lat' dir='ltr'><strong>vero,</strong></span> <span class='ocrx_word' id='word_1_170' title='bbox 364 2008 503 2036; x_wconf 84' lang='lat' dir='ltr'><strong>auctore</strong></span> <span class='ocrx_word' id='word_1_171' title='bbox 519 2001 691 2049; x_wconf 77' lang='lat' dir='ltr'><strong>Dionysio</strong></span> <span class='ocrx_word' id='word_1_172' title='bbox 702 2029 712 2045; x_wconf 86' lang='grc'>,</span> <span class='ocrx_word' id='word_1_173' title='bbox 728 2003 807 2036; x_wconf 91' lang='lat' dir='ltr'><strong>Do-</strong></span> 
     </span>
     <span class='ocr_line' id='line_1_32' title="bbox 134 2053 807 2100; baseline 0.004 -13"><span class='ocrx_word' id='word_1_174' title='bbox 134 2053 295 2088; x_wconf 80' lang='lat' dir='ltr'><strong>donaeum</strong></span> <span class='ocrx_word' id='word_1_175' title='bbox 315 2054 380 2088; x_wconf 85' lang='lat' dir='ltr'><strong>suit</strong></span> <span class='ocrx_word' id='word_1_176' title='bbox 397 2055 576 2089; x_wconf 82' lang='lat' dir='ltr'><strong>oraculum</strong></span> <span class='ocrx_word' id='word_1_177' title='bbox 593 2082 603 2097; x_wconf 94' lang='lat'>,</span> <span class='ocrx_word' id='word_1_178' title='bbox 622 2063 807 2100; x_wconf 84' lang='lat' dir='ltr'><strong>propterea</strong></span> 
     </span>
     <span class='ocr_line' id='line_1_33' title="bbox 136 2106 807 2150; baseline -0.001 -10"><span class='ocrx_word' id='word_1_179' title='bbox 136 2106 302 2140; x_wconf 82' lang='lat' dir='ltr'><strong>Heinsius</strong></span> <span class='ocrx_word' id='word_1_180' title='bbox 310 2107 407 2140; x_wconf 72' lang='lat' dir='ltr'><strong>Jom&#39;s</strong></span> <span class='ocrx_word' id='word_1_181' title='bbox 416 2106 533 2141; x_wconf 84' lang='lat' dir='ltr'><strong>mallet</strong></span> <span class='ocrx_word' id='word_1_182' title='bbox 543 2132 553 2148; x_wconf 94' lang='lat'><strong>‚</strong></span> <span class='ocrx_word' id='word_1_183' title='bbox 565 2106 657 2150; x_wconf 88' lang='lat' dir='ltr'><strong>quod</strong></span> <span class='ocrx_word' id='word_1_184' title='bbox 669 2106 807 2140; x_wconf 76' lang='lat' dir='ltr'><strong>Erford.</strong></span> 
     </span>
     <span class='ocr_line' id='line_1_34' title="bbox 135 2156 810 2202; baseline 0.001 -12"><span class='ocrx_word' id='word_1_185' title='bbox 135 2169 155 2190; x_wconf 87' lang='lat' dir='ltr'><strong>a</strong></span> <span class='ocrx_word' id='word_1_186' title='bbox 169 2169 277 2190; x_wconf 86' lang='lat' dir='ltr'><strong>manu</strong></span> <span class='ocrx_word' id='word_1_187' title='bbox 288 2158 399 2202; x_wconf 86' lang='lat' dir='ltr'><strong>prima</strong></span> <span class='ocrx_word' id='word_1_188' title='bbox 412 2157 525 2191; x_wconf 86' lang='lat' dir='ltr'><strong>habet.</strong></span> <span class='ocrx_word' id='word_1_189' title='bbox 541 2156 670 2191; x_wconf 75' lang='lat' dir='ltr'><strong>Caeteri</strong></span> <span class='ocrx_word' id='word_1_190' title='bbox 686 2169 810 2191; x_wconf 86' lang='lat' dir='ltr'><strong>omnes</strong></span> 
     </span>
     <span class='ocr_line' id='line_1_35' title="bbox 136 2208 811 2253; baseline 0.001 -11"><span class='ocrx_word' id='word_1_191' title='bbox 136 2209 456 2253; x_wconf 70' lang='lat' dir='ltr'><strong>son125.·—-Falasero</strong></span> <span class='ocrx_word' id='word_1_192' title='bbox 465 2214 553 2248; x_wconf 84' lang='lat' dir='ltr'><strong>seni,</strong></span> <span class='ocrx_word' id='word_1_193' title='bbox 573 2209 643 2243; x_wconf 79' lang='lat' dir='ltr'><strong>sive</strong></span> <span class='ocrx_word' id='word_1_194' title='bbox 655 2208 811 2243; x_wconf 84' lang='lat' dir='ltr'><strong>Saturno</strong></span> 
     </span>
     <span class='ocr_line' id='line_1_36' title="bbox 135 2261 812 2306; baseline 0 -11"><span class='ocrx_word' id='word_1_195' title='bbox 135 2261 263 2306; x_wconf 87' lang='lat' dir='ltr'><strong>priscos</strong></span> <span class='ocrx_word' id='word_1_196' title='bbox 281 2261 387 2296; x_wconf 75' lang='lat' dir='ltr'><strong>ltalia:</strong></span> <span class='ocrx_word' id='word_1_197' title='bbox 398 2261 527 2296; x_wconf 83' lang='lat' dir='ltr'><strong>incolas</strong></span> <span class='ocrx_word' id='word_1_198' title='bbox 537 2261 696 2295; x_wconf 86' lang='lat' dir='ltr'><strong>homiues</strong></span> <span class='ocrx_word' id='word_1_199' title='bbox 707 2262 812 2295; x_wconf 86' lang='lat' dir='ltr'><strong>obtu-</strong></span> 
     </span>
     <span class='ocr_line' id='line_1_37' title="bbox 135 2308 811 2358; baseline 0 -11"><span class='ocrx_word' id='word_1_200' title='bbox 135 2313 212 2347; x_wconf 83' lang='lat' dir='ltr'><strong>lisse</strong></span> <span class='ocrx_word' id='word_1_201' title='bbox 223 2314 269 2348; x_wconf 88' lang='lat' dir='ltr'><strong>ita</strong></span> <span class='ocrx_word' id='word_1_202' title='bbox 280 2339 290 2356; x_wconf 90' lang='lat'>,</span> <span class='ocrx_word' id='word_1_203' title='bbox 307 2319 346 2347; x_wconf 85' lang='lat' dir='ltr'><strong>ut</strong></span> <span class='ocrx_word' id='word_1_204' title='bbox 356 2325 414 2347; x_wconf 81' lang='lat' dir='ltr'><strong>eos</strong></span> <span class='ocrx_word' id='word_1_205' title='bbox 424 2308 569 2358; x_wconf 82' lang='lat' dir='ltr'><strong>pedibus</strong></span> <span class='ocrx_word' id='word_1_206' title='bbox 580 2312 811 2357; x_wconf 81' lang='lat' dir='ltr'><strong>manibusque</strong></span> 
     </span>
     <span class='ocr_line' id='line_1_38' title="bbox 140 2365 813 2410; baseline 0.001 -12"><span class='ocrx_word' id='word_1_207' title='bbox 140 2365 273 2399; x_wconf 79' lang='lat' dir='ltr'><strong>vinctos</strong></span> <span class='ocrx_word' id='word_1_208' title='bbox 282 2365 317 2398; x_wconf 92' lang='lat' dir='ltr'><strong>in</strong></span> <span class='ocrx_word' id='word_1_209' title='bbox 326 2365 483 2399; x_wconf 84' lang='lat' dir='ltr'><strong>Tiberim</strong></span> <span class='ocrx_word' id='word_1_210' title='bbox 493 2365 703 2410; x_wconf 84' lang='lat' dir='ltr'><strong>projicerent</strong></span> <span class='ocrx_word' id='word_1_211' title='bbox 713 2392 723 2408; x_wconf 97' lang='lat'>‚</span> <span class='ocrx_word' id='word_1_212' title='bbox 734 2378 813 2399; x_wconf 78' lang='lat' dir='ltr'><strong>nar·</strong></span> 
     </span>
     <span class='ocr_line' id='line_1_39' title="bbox 142 2418 813 2466; baseline 0 -14"><span class='ocrx_word' id='word_1_213' title='bbox 142 2424 224 2452; x_wconf 74' lang='lat' dir='ltr'><strong>rant</strong></span> <span class='ocrx_word' id='word_1_214' title='bbox 236 2424 273 2452; x_wconf 87' lang='lat' dir='ltr'><strong>et</strong></span> <span class='ocrx_word' id='word_1_215' title='bbox 287 2418 431 2466; x_wconf 80' lang='lat' dir='ltr'><strong>Dionys.</strong></span> <span class='ocrx_word' id='word_1_216' title='bbox 449 2425 485 2453; x_wconf 79' lang='lat' dir='ltr'><strong>et</strong></span> <span class='ocrx_word' id='word_1_217' title='bbox 506 2418 661 2453; x_wconf 84' lang='lat' dir='ltr'><strong>Lactant.</strong></span> <span class='ocrx_word' id='word_1_218' title='bbox 678 2418 711 2452; x_wconf 91' lang='lat' dir='ltr'><strong>d.</strong></span> <span class='ocrx_word' id='word_1_219' title='bbox 732 2419 754 2453; x_wconf 90' lang='lat' dir='ltr'><strong>l.</strong></span> <span class='ocrx_word' id='word_1_220' title='bbox 769 2437 813 2446; x_wconf 85' lang='lat'><em>-</em></span> 
     </span>
     <span class='ocr_line' id='line_1_40' title="bbox 148 2469 768 2514; baseline 0.002 -12"><span class='ocrx_word' id='word_1_221' title='bbox 148 2470 385 2514; x_wconf 65' lang='lat' dir='ltr'><strong>Tau-eaque,</strong></span> <span class='ocrx_word' id='word_1_222' title='bbox 407 2469 563 2513; x_wconf 84' lang='lat' dir='ltr'><strong>Tiberis,</strong></span> <span class='ocrx_word' id='word_1_223' title='bbox 581 2470 674 2513; x_wconf 85' lang='lat' dir='ltr'><strong>etl,</strong></span> <span class='ocrx_word' id='word_1_224' title='bbox 694 2472 768 2504; x_wconf 85' lang='lat'><strong>500.</strong></span> 
     </span>
    </p>

    <p class='ocr_par' dir='ltr' id='par_1_11' title="bbox 145 2520 817 2828">
     <span class='ocr_line' id='line_1_41' title="bbox 187 2520 812 2568; baseline 0 -12"><span class='ocrx_word' id='word_1_225' title='bbox 187 2521 263 2568; x_wconf 76' lang='lat'>629.</span> <span class='ocrx_word' id='word_1_226' title='bbox 274 2520 411 2556; x_wconf 82' lang='lat' dir='ltr'><strong>Omnes</strong></span> <span class='ocrx_word' id='word_1_227' title='bbox 421 2548 431 2565; x_wconf 89' lang='lat'>,</span> <span class='ocrx_word' id='word_1_228' title='bbox 447 2535 535 2568; x_wconf 82' lang='lat' dir='ltr'><strong>quos</strong></span> <span class='ocrx_word' id='word_1_229' title='bbox 544 2534 648 2567; x_wconf 85' lang='lat' dir='ltr'><strong>supra</strong></span> <span class='ocrx_word' id='word_1_230' title='bbox 657 2522 792 2556; x_wconf 83' lang='lat' dir='ltr'><strong>laudavi</strong></span> <span class='ocrx_word' id='word_1_231' title='bbox 801 2549 812 2566; x_wconf 80' lang='lat'>,</span> 
     </span>
     <span class='ocr_line' id='line_1_42' title="bbox 148 2574 816 2616; baseline 0.001 -9"><span class='ocrx_word' id='word_1_232' title='bbox 148 2574 350 2608; x_wconf 73' lang='lat' dir='ltr'><strong>auctoresin</strong></span> <span class='ocrx_word' id='word_1_233' title='bbox 363 2574 636 2609; x_wconf 82' lang='lat' dir='ltr'><strong>eoconsentiunt</strong></span> <span class='ocrx_word' id='word_1_234' title='bbox 646 2601 656 2616; x_wconf 86' lang='lat'>,</span> <span class='ocrx_word' id='word_1_235' title='bbox 674 2574 816 2608; x_wconf 81' lang='lat' dir='ltr'><strong>Hercu·-</strong></span> 
     </span>
     <span class='ocr_line' id='line_1_43' title="bbox 148 2623 815 2670; baseline 0.001 -12"><span class='ocrx_word' id='word_1_236' title='bbox 148 2623 218 2658; x_wconf 89' lang='lat' dir='ltr'><strong>lem</strong></span> <span class='ocrx_word' id='word_1_237' title='bbox 237 2636 278 2657; x_wconf 86' lang='lat' dir='ltr'><strong>ex</strong></span> <span class='ocrx_word' id='word_1_238' title='bbox 292 2624 458 2670; x_wconf 76' lang='lat' dir='ltr'><strong>Hispania</strong></span> <span class='ocrx_word' id='word_1_239' title='bbox 476 2625 686 2660; x_wconf 85' lang='lat' dir='ltr'><strong>redeuntem</strong></span> <span class='ocrx_word' id='word_1_240' title='bbox 706 2625 815 2659; x_wconf 74' lang='lat' dir='ltr'><strong>abro-</strong></span> 
     </span>
     <span class='ocr_line' id='line_1_44' title="bbox 145 2674 816 2719; baseline 0.004 -11"><span class='ocrx_word' id='word_1_241' title='bbox 145 2687 238 2719; x_wconf 63' lang='lat' dir='ltr'><strong>gasse</strong></span> <span class='ocrx_word' id='word_1_242' title='bbox 247 2674 344 2708; x_wconf 86' lang='lat' dir='ltr'><strong>illum</strong></span> <span class='ocrx_word' id='word_1_243' title='bbox 351 2677 674 2711; x_wconf 67' lang='lat' dir='ltr'><strong>morem—Leucas</strong></span> <span class='ocrx_word' id='word_1_244' title='bbox 684 2675 726 2710; x_wconf 91' lang='lat' dir='ltr'><strong>ad</strong></span> <span class='ocrx_word' id='word_1_245' title='bbox 737 2676 816 2711; x_wconf 83' lang='lat' dir='ltr'><strong>litus</strong></span> 
     </span>
     <span class='ocr_line' id='line_1_45' title="bbox 146 2727 817 2774; baseline 0.004 -14"><span class='ocrx_word' id='word_1_246' title='bbox 146 2727 351 2761; x_wconf 70' lang='lat' dir='ltr'><strong>Acarnania</strong></span> <span class='ocrx_word' id='word_1_247' title='bbox 361 2753 371 2770; x_wconf 91' lang='lat'><em>,</em></span> <span class='ocrx_word' id='word_1_248' title='bbox 388 2727 470 2762; x_wconf 88' lang='lat' dir='ltr'><strong>olim</strong></span> <span class='ocrx_word' id='word_1_249' title='bbox 481 2728 661 2774; x_wconf 84' lang='lat' dir='ltr'><strong>peninsula</strong></span> <span class='ocrx_word' id='word_1_250' title='bbox 673 2755 682 2771; x_wconf 86' lang='lat'>‚</span> <span class='ocrx_word' id='word_1_251' title='bbox 699 2736 817 2774; x_wconf 82' lang='lat' dir='ltr'><strong>postea</strong></span> 
     </span>
     <span class='ocr_line' id='line_1_46' title="bbox 149 2778 815 2828; baseline 0.006 -17"><span class='ocrx_word' id='word_1_252' title='bbox 149 2778 279 2821; x_wconf 79' lang='lat' dir='ltr'><strong>insula;</strong></span> <span class='ocrx_word' id='word_1_253' title='bbox 299 2779 368 2813; x_wconf 85' lang='lat' dir='ltr'><strong>XV</strong></span> <span class='ocrx_word' id='word_1_254' title='bbox 387 2779 533 2816; x_wconf 70' lang='lat' dir='ltr'><strong>Metam.</strong></span> <span class='ocrx_word' id='word_1_255' title='bbox 554 2782 637 2828; x_wconf 67' lang='lat'><strong>²⁸95</strong></span> <span class='ocrx_word' id='word_1_256' title='bbox 662 2780 815 2823; x_wconf 81' lang='lat' dir='ltr'><strong>Plinius,</strong></span> 
     </span>
    </p>
   </div>
   <div class='ocr_carea' id='block_1_10' title="bbox 864 1115 1559 2827">
    <p class='ocr_par' dir='ltr' id='par_1_12' title="bbox 864 1115 1559 2764">
     <span class='ocr_line' id='line_1_47' title="bbox 864 1115 1538 1162; baseline 0.003 -13"><span class='ocrx_word' id='word_1_257' title='bbox 864 1115 903 1150; x_wconf 86' lang='lat'><strong>11</strong></span> <span class='ocrx_word' id='word_1_258' title='bbox 914 1141 923 1157; x_wconf 92' lang='lat'><em>,</em></span> <span class='ocrx_word' id='word_1_259' title='bbox 940 1127 984 1162; x_wconf 82' lang='lat'><strong>9⁰</strong></span> <span class='ocrx_word' id='word_1_260' title='bbox 994 1141 1004 1158; x_wconf 93' lang='lat'>,</span> <span class='ocrx_word' id='word_1_261' title='bbox 1018 1116 1135 1160; x_wconf 88' lang='lat' dir='ltr'><strong>ibique</strong></span> <span class='ocrx_word' id='word_1_262' title='bbox 1147 1115 1365 1151; x_wconf 84' lang='lat' dir='ltr'><strong>Harduinus.</strong></span> <span class='ocrx_word' id='word_1_263' title='bbox 1375 1116 1419 1152; x_wconf 85' lang='lat' dir='ltr'><strong>In</strong></span> <span class='ocrx_word' id='word_1_264' title='bbox 1430 1129 1471 1151; x_wconf 89' lang='lat' dir='ltr'><strong>ea</strong></span> <span class='ocrx_word' id='word_1_265' title='bbox 1483 1117 1538 1151; x_wconf 83' lang='lat' dir='ltr'><strong>in·</strong></span> 
     </span>
     <span class='ocr_line' id='line_1_48' title="bbox 864 1168 1542 1213; baseline 0.004 -12"><span class='ocrx_word' id='word_1_266' title='bbox 864 1168 936 1202; x_wconf 88' lang='lat' dir='ltr'><strong>sula</strong></span> <span class='ocrx_word' id='word_1_267' title='bbox 951 1168 1110 1213; x_wconf 85' lang='lat' dir='ltr'><strong>scopulus</strong></span> <span class='ocrx_word' id='word_1_268' title='bbox 1121 1175 1195 1202; x_wconf 84' lang='lat' dir='ltr'><strong>erat</strong></span> <span class='ocrx_word' id='word_1_269' title='bbox 1206 1195 1215 1211; x_wconf 91' lang='lat'>,</span> <span class='ocrx_word' id='word_1_270' title='bbox 1230 1168 1325 1203; x_wconf 83' lang='lat' dir='ltr'><strong>unde</strong></span> <span class='ocrx_word' id='word_1_271' title='bbox 1339 1195 1349 1211; x_wconf 91' lang='lat'><em>,</em></span> <span class='ocrx_word' id='word_1_272' title='bbox 1368 1169 1410 1203; x_wconf 90' lang='lat' dir='ltr'><strong>ad</strong></span> <span class='ocrx_word' id='word_1_273' title='bbox 1423 1182 1542 1204; x_wconf 85' lang='lat' dir='ltr'><strong>exem—</strong></span> 
     </span>
     <span class='ocr_line' id='line_1_49' title="bbox 865 1219 1542 1265; baseline 0.004 -12"><span class='ocrx_word' id='word_1_274' title='bbox 865 1219 963 1265; x_wconf 83' lang='lat' dir='ltr'><strong>plum</strong></span> <span class='ocrx_word' id='word_1_275' title='bbox 973 1219 1109 1265; x_wconf 82' lang='lat' dir='ltr'><strong>Saphus</strong></span> <span class='ocrx_word' id='word_1_276' title='bbox 1120 1246 1132 1262; x_wconf 83' lang='lat'><em>‚</em></span> <span class='ocrx_word' id='word_1_277' title='bbox 1144 1219 1282 1255; x_wconf 80' lang='lat' dir='ltr'><strong>desilire</strong></span> <span class='ocrx_word' id='word_1_278' title='bbox 1290 1220 1447 1255; x_wconf 78' lang='lat' dir='ltr'><strong>solebant</strong></span> <span class='ocrx_word' id='word_1_279' title='bbox 1455 1247 1466 1264; x_wconf 87' lang='lat'>,</span> <span class='ocrx_word' id='word_1_280' title='bbox 1482 1222 1542 1265; x_wconf 88' lang='lat' dir='ltr'><strong>qui</strong></span> 
     </span>
     <span class='ocr_line' id='line_1_50' title="bbox 867 1272 1544 1317; baseline 0.003 -12"><span class='ocrx_word' id='word_1_281' title='bbox 867 1283 1024 1306; x_wconf 88' lang='lat' dir='ltr'><strong>amorem</strong></span> <span class='ocrx_word' id='word_1_282' title='bbox 1046 1272 1158 1307; x_wconf 82' lang='lat' dir='ltr'><strong>excuti</strong></span> <span class='ocrx_word' id='word_1_283' title='bbox 1173 1285 1192 1306; x_wconf 91' lang='lat' dir='ltr'><strong>e</strong></span> <span class='ocrx_word' id='word_1_284' title='bbox 1205 1279 1343 1317; x_wconf 83' lang='lat' dir='ltr'><strong>pectore</strong></span> <span class='ocrx_word' id='word_1_285' title='bbox 1362 1285 1426 1307; x_wconf 85' lang='lat' dir='ltr'><strong>suo</strong></span> <span class='ocrx_word' id='word_1_286' title='bbox 1447 1273 1544 1307; x_wconf 88' lang='lat' dir='ltr'><strong>aliis-</strong></span> 
     </span>
     <span class='ocr_line' id='line_1_51' title="bbox 865 1323 1542 1368; baseline 0.003 -11"><span class='ocrx_word' id='word_1_287' title='bbox 865 1336 932 1368; x_wconf 89' lang='lat' dir='ltr'><strong>que</strong></span> <span class='ocrx_word' id='word_1_288' title='bbox 948 1323 1044 1367; x_wconf 73' lang='lat' dir='ltr'><strong>injici</strong></span> <span class='ocrx_word' id='word_1_289' title='bbox 1061 1323 1206 1364; x_wconf 86' lang='lat' dir='ltr'><strong>vellent;</strong></span> <span class='ocrx_word' id='word_1_290' title='bbox 1221 1323 1368 1358; x_wconf 89' lang='lat' dir='ltr'><strong>Heroid.</strong></span> <span class='ocrx_word' id='word_1_291' title='bbox 1381 1324 1465 1367; x_wconf 89' lang='lat' dir='ltr'><strong>XV,</strong></span> <span class='ocrx_word' id='word_1_292' title='bbox 1483 1324 1542 1359; x_wconf 84' lang='lat'><strong>163</strong></span> 
     </span>
     <span class='ocr_line' id='line_1_52' title="bbox 865 1375 1543 1420; baseline 0.004 -11"><span class='ocrx_word' id='word_1_293' title='bbox 865 1388 950 1420; x_wconf 82' lang='lat' dir='ltr'><strong>sqq;</strong></span> <span class='ocrx_word' id='word_1_294' title='bbox 976 1375 1186 1418; x_wconf 80' lang='lat' dir='ltr'><strong>Athenaeus,</strong></span> <span class='ocrx_word' id='word_1_295' title='bbox 1206 1376 1294 1411; x_wconf 80' lang='lat' dir='ltr'><strong>XIV</strong></span> <span class='ocrx_word' id='word_1_296' title='bbox 1307 1403 1317 1420; x_wconf 90' lang='lat'>,</span> <span class='ocrx_word' id='word_1_297' title='bbox 1336 1377 1380 1417; x_wconf 85' lang='lat'><strong>3;</strong></span> <span class='ocrx_word' id='word_1_298' title='bbox 1401 1376 1543 1412; x_wconf 79' lang='lat' dir='ltr'><strong>Servius</strong></span> 
     </span>
     <span class='ocr_line' id='line_1_53' title="bbox 864 1427 1540 1474; baseline 0.004 -13"><span class='ocrx_word' id='word_1_299' title='bbox 864 1427 907 1461; x_wconf 83' lang='lat' dir='ltr'><strong>ad</strong></span> <span class='ocrx_word' id='word_1_300' title='bbox 923 1428 1021 1474; x_wconf 85' lang='lat' dir='ltr'><strong>Virg.</strong></span> <span class='ocrx_word' id='word_1_301' title='bbox 1038 1427 1157 1473; x_wconf 84' lang='lat' dir='ltr'><strong>Eclog.</strong></span> <span class='ocrx_word' id='word_1_302' title='bbox 1168 1429 1221 1463; x_wconf 84' lang='lat' dir='ltr'><strong>IX</strong></span> <span class='ocrx_word' id='word_1_303' title='bbox 1233 1455 1243 1470; x_wconf 93' lang='lat'>,</span> <span class='ocrx_word' id='word_1_304' title='bbox 1261 1432 1301 1472; x_wconf 83' lang='lat'><strong>57</strong></span> <span class='ocrx_word' id='word_1_305' title='bbox 1316 1443 1325 1469; x_wconf 86' lang='grc'>;</span> <span class='ocrx_word' id='word_1_306' title='bbox 1343 1428 1486 1464; x_wconf 81' lang='lat' dir='ltr'><strong>Vossius</strong></span> <span class='ocrx_word' id='word_1_307' title='bbox 1498 1429 1540 1464; x_wconf 83' lang='lat' dir='ltr'><strong>ad</strong></span> 
     </span>
     <span class='ocr_line' id='line_1_54' title="bbox 867 1478 1544 1526; baseline 0.001 -12"><span class='ocrx_word' id='word_1_308' title='bbox 867 1478 1059 1514; x_wconf 87' lang='lat' dir='ltr'><strong>Catullum.</strong></span> <span class='ocrx_word' id='word_1_309' title='bbox 1072 1479 1160 1514; x_wconf 85' lang='lat' dir='ltr'><strong>Inde</strong></span> <span class='ocrx_word' id='word_1_310' title='bbox 1175 1480 1231 1515; x_wconf 88' lang='lat' dir='ltr'><strong>hic</strong></span> <span class='ocrx_word' id='word_1_311' title='bbox 1245 1480 1405 1526; x_wconf 84' lang='lat' dir='ltr'><strong>scopulus</strong></span> <span class='ocrx_word' id='word_1_312' title='bbox 1420 1494 1544 1515; x_wconf 86' lang='lat' dir='ltr'><strong>aman—</strong></span> 
     </span>
     <span class='ocr_line' id='line_1_55' title="bbox 864 1533 1543 1570; baseline 0.004 -3"><span class='ocrx_word' id='word_1_313' title='bbox 864 1533 953 1567; x_wconf 85' lang='lat' dir='ltr'><strong>tium</strong></span> <span class='ocrx_word' id='word_1_314' title='bbox 970 1533 1081 1568; x_wconf 85' lang='lat' dir='ltr'><strong>dictus</strong></span> <span class='ocrx_word' id='word_1_315' title='bbox 1090 1541 1152 1568; x_wconf 83' lang='lat' dir='ltr'><strong>est.</strong></span> <span class='ocrx_word' id='word_1_316' title='bbox 1169 1534 1240 1569; x_wconf 86' lang='lat' dir='ltr'><strong>Sed</strong></span> <span class='ocrx_word' id='word_1_317' title='bbox 1252 1534 1334 1569; x_wconf 84' lang='lat' dir='ltr'><strong>inde</strong></span> <span class='ocrx_word' id='word_1_318' title='bbox 1346 1535 1429 1569; x_wconf 81' lang='lat' dir='ltr'><strong>etin</strong></span> <span class='ocrx_word' id='word_1_319' title='bbox 1440 1536 1543 1570; x_wconf 83' lang='lat' dir='ltr'><strong>sacris</strong></span> 
     </span>
     <span class='ocr_line' id='line_1_56' title="bbox 866 1585 1542 1632; baseline 0.006 -14"><span class='ocrx_word' id='word_1_320' title='bbox 866 1585 1037 1630; x_wconf 83' lang='lat' dir='ltr'><strong>Apollinis</strong></span> <span class='ocrx_word' id='word_1_321' title='bbox 1057 1585 1206 1620; x_wconf 79' lang='lat' dir='ltr'><strong>malefici</strong></span> <span class='ocrx_word' id='word_1_322' title='bbox 1229 1586 1370 1631; x_wconf 86' lang='lat' dir='ltr'><strong>quidam</strong></span> <span class='ocrx_word' id='word_1_323' title='bbox 1383 1613 1394 1630; x_wconf 85' lang='lat'>,</span> <span class='ocrx_word' id='word_1_324' title='bbox 1419 1588 1542 1632; x_wconf 81' lang='lat' dir='ltr'><strong>quibus</strong></span> 
     </span>
     <span class='ocr_line' id='line_1_57' title="bbox 867 1637 1543 1684; baseline 0.006 -13"><span class='ocrx_word' id='word_1_325' title='bbox 867 1638 928 1672; x_wconf 81' lang='lat' dir='ltr'><strong>alae</strong></span> <span class='ocrx_word' id='word_1_326' title='bbox 938 1638 1074 1683; x_wconf 82' lang='lat' dir='ltr'><strong>illigatae</strong></span> <span class='ocrx_word' id='word_1_327' title='bbox 1084 1645 1186 1672; x_wconf 85' lang='lat' dir='ltr'><strong>erant</strong></span> <span class='ocrx_word' id='word_1_328' title='bbox 1194 1665 1205 1681; x_wconf 86' lang='lat'>,</span> <span class='ocrx_word' id='word_1_329' title='bbox 1216 1637 1469 1684; x_wconf 75' lang='lat' dir='ltr'><strong>dejiciebantur</strong></span> <span class='ocrx_word' id='word_1_330' title='bbox 1477 1667 1487 1683; x_wconf 94' lang='lat'>,</span> <span class='ocrx_word' id='word_1_331' title='bbox 1496 1640 1543 1675; x_wconf 82' lang='lat' dir='ltr'><strong>ita</strong></span> 
     </span>
     <span class='ocr_line' id='line_1_58' title="bbox 867 1688 1544 1735; baseline 0.004 -13"><span class='ocrx_word' id='word_1_332' title='bbox 867 1688 1010 1734; x_wconf 80' lang='lat' dir='ltr'><strong>quidem</strong></span> <span class='ocrx_word' id='word_1_333' title='bbox 1023 1716 1033 1732; x_wconf 93' lang='lat'>,</span> <span class='ocrx_word' id='word_1_334' title='bbox 1051 1696 1092 1723; x_wconf 90' lang='lat' dir='ltr'><strong>ut</strong></span> <span class='ocrx_word' id='word_1_335' title='bbox 1107 1690 1349 1735; x_wconf 86' lang='lat' dir='ltr'><strong>exciperentur</strong></span> <span class='ocrx_word' id='word_1_336' title='bbox 1363 1691 1406 1725; x_wconf 83' lang='lat' dir='ltr'><strong>ab</strong></span> <span class='ocrx_word' id='word_1_337' title='bbox 1424 1691 1544 1726; x_wconf 89' lang='lat' dir='ltr'><strong>homi-</strong></span> 
     </span>
     <span class='ocr_line' id='line_1_59' title="bbox 866 1740 1543 1787; baseline 0.004 -13"><span class='ocrx_word' id='word_1_338' title='bbox 866 1740 970 1774; x_wconf 83' lang='lat' dir='ltr'><strong>nibus</strong></span> <span class='ocrx_word' id='word_1_339' title='bbox 984 1740 1021 1774; x_wconf 89' lang='lat' dir='ltr'><strong>in</strong></span> <span class='ocrx_word' id='word_1_340' title='bbox 1037 1741 1171 1787; x_wconf 83' lang='lat' dir='ltr'><strong>cymbis</strong></span> <span class='ocrx_word' id='word_1_341' title='bbox 1186 1741 1355 1787; x_wconf 85' lang='lat' dir='ltr'><strong>dispositis</strong></span> <span class='ocrx_word' id='word_1_342' title='bbox 1368 1755 1377 1783; x_wconf 88' lang='lat'>;</span> <span class='ocrx_word' id='word_1_343' title='bbox 1394 1741 1521 1777; x_wconf 84' lang='lat' dir='ltr'><strong>Strabo</strong></span> <span class='ocrx_word' id='word_1_344' title='bbox 1533 1770 1543 1787; x_wconf 90' lang='lat'>‚</span> 
     </span>
     <span class='ocr_line' id='line_1_60' title="bbox 868 1793 1545 1838; baseline 0.006 -12"><span class='ocrx_word' id='word_1_345' title='bbox 868 1794 903 1827; x_wconf 89' lang='lat' dir='ltr'>X</span> <span class='ocrx_word' id='word_1_346' title='bbox 914 1819 924 1836; x_wconf 92' lang='lat'><em>,</em></span> <span class='ocrx_word' id='word_1_347' title='bbox 934 1803 977 1838; x_wconf 83' lang='lat' dir='ltr'><strong>p.</strong></span> <span class='ocrx_word' id='word_1_348' title='bbox 994 1794 1217 1836; x_wconf 70' lang='lat' dir='ltr'><strong>452.—lfodo</strong></span> <span class='ocrx_word' id='word_1_349' title='bbox 1232 1793 1398 1829; x_wconf 84' lang='lat' dir='ltr'><strong>Heinsius</strong></span> <span class='ocrx_word' id='word_1_350' title='bbox 1410 1808 1429 1829; x_wconf 92' lang='lat' dir='ltr'><strong>e</strong></span> <span class='ocrx_word' id='word_1_351' title='bbox 1445 1795 1545 1830; x_wconf 84' lang='lat' dir='ltr'><strong>Nau-</strong></span> 
     </span>
     <span class='ocr_line' id='line_1_61' title="bbox 867 1845 1546 1891; baseline 0.004 -11"><span class='ocrx_word' id='word_1_352' title='bbox 867 1845 1010 1891; x_wconf 86' lang='lat' dir='ltr'><strong>geriano</strong></span> <span class='ocrx_word' id='word_1_353' title='bbox 1017 1864 1032 1890; x_wconf 89' lang='lat'><strong>‚·</strong></span> <span class='ocrx_word' id='word_1_354' title='bbox 1039 1846 1160 1881; x_wconf 87' lang='lat' dir='ltr'><strong>Ursin.</strong></span> <span class='ocrx_word' id='word_1_355' title='bbox 1172 1846 1343 1881; x_wconf 79' lang='lat' dir='ltr'><strong>Mazarin.</strong></span> <span class='ocrx_word' id='word_1_356' title='bbox 1353 1847 1546 1883; x_wconf 86' lang='lat' dir='ltr'><strong>Zulichem.</strong></span> 
     </span>
     <span class='ocr_line' id='line_1_62' title="bbox 869 1896 1547 1944; baseline 0.006 -14"><span class='ocrx_word' id='word_1_357' title='bbox 869 1904 905 1931; x_wconf 90' lang='lat' dir='ltr'><strong>et</strong></span> <span class='ocrx_word' id='word_1_358' title='bbox 921 1896 1058 1932; x_wconf 89' lang='lat' dir='ltr'><strong>duobus</strong></span> <span class='ocrx_word' id='word_1_359' title='bbox 1078 1898 1150 1932; x_wconf 86' lang='lat' dir='ltr'><strong>aliis</strong></span> <span class='ocrx_word' id='word_1_360' title='bbox 1173 1897 1270 1932; x_wconf 91' lang='lat' dir='ltr'><strong>dedit</strong></span> <span class='ocrx_word' id='word_1_361' title='bbox 1283 1924 1293 1941; x_wconf 90' lang='lat'>,</span> <span class='ocrx_word' id='word_1_362' title='bbox 1311 1911 1422 1944; x_wconf 89' lang='lat' dir='ltr'><strong>quum</strong></span> <span class='ocrx_word' id='word_1_363' title='bbox 1444 1907 1547 1935; x_wconf 81' lang='lat' dir='ltr'><strong>antea</strong></span> 
     </span>
     <span class='ocr_line' id='line_1_63' title="bbox 869 1948 1548 1994; baseline 0.007 -12"><span class='ocrx_word' id='word_1_364' title='bbox 869 1952 932 1983; x_wconf 85' lang='lat' dir='ltr'><strong>deo</strong></span> <span class='ocrx_word' id='word_1_365' title='bbox 945 1948 1131 1994; x_wconf 84' lang='lat' dir='ltr'><strong>legeretur.</strong></span> <span class='ocrx_word' id='word_1_366' title='bbox 1148 1950 1265 1984; x_wconf 86' lang='lat' dir='ltr'><strong>Etiam</strong></span> <span class='ocrx_word' id='word_1_367' title='bbox 1280 1951 1480 1987; x_wconf 86' lang='lat' dir='ltr'><strong>Lactantius</strong></span> <span class='ocrx_word' id='word_1_368' title='bbox 1491 1952 1548 1986; x_wconf 87' lang='lat' dir='ltr'><strong>di-</strong></span> 
     </span>
     <span class='ocr_line' id='line_1_64' title="bbox 868 2002 1548 2047; baseline 0.001 -9"><span class='ocrx_word' id='word_1_369' title='bbox 868 2010 925 2038; x_wconf 92' lang='lat' dir='ltr'><strong>cto</strong></span> <span class='ocrx_word' id='word_1_370' title='bbox 936 2003 1013 2037; x_wconf 89' lang='lat' dir='ltr'><strong>loco</strong></span> <span class='ocrx_word' id='word_1_371' title='bbox 1020 2002 1080 2036; x_wconf 88' lang='lat' dir='ltr'><strong>ubi</strong></span> <span class='ocrx_word' id='word_1_372' title='bbox 1091 2002 1154 2037; x_wconf 84' lang='lat' dir='ltr'><strong>hos</strong></span> <span class='ocrx_word' id='word_1_373' title='bbox 1164 2015 1283 2037; x_wconf 82' lang='lat' dir='ltr'><strong>versus</strong></span> <span class='ocrx_word' id='word_1_374' title='bbox 1295 2003 1413 2037; x_wconf 85' lang='lat' dir='ltr'><strong>laudat</strong></span> <span class='ocrx_word' id='word_1_375' title='bbox 1424 2030 1433 2047; x_wconf 92' lang='lat'>,</span> <span class='ocrx_word' id='word_1_376' title='bbox 1449 2003 1548 2039; x_wconf 61' lang='lat' dir='ltr'><strong>mdo</strong></span> 
     </span>
     <span class='ocr_line' id='line_1_65' title="bbox 870 2053 1548 2101; baseline 0.004 -14"><span class='ocrx_word' id='word_1_377' title='bbox 870 2053 985 2088; x_wconf 83' lang='lat' dir='ltr'><strong>habet.</strong></span> <span class='ocrx_word' id='word_1_378' title='bbox 994 2071 1038 2079; x_wconf 87' lang='lat'><strong>—·</strong></span> <span class='ocrx_word' id='word_1_379' title='bbox 1052 2054 1200 2096; x_wconf 77' lang='lat' dir='ltr'><strong>Quirites</strong></span> <span class='ocrx_word' id='word_1_380' title='bbox 1216 2054 1378 2090; x_wconf 84' lang='lat' dir='ltr'><strong>Herculis</strong></span> <span class='ocrx_word' id='word_1_381' title='bbox 1389 2062 1548 2101; x_wconf 87' lang='lat' dir='ltr'><strong>tempore</strong></span> 
     </span>
     <span class='ocr_line' id='line_1_66' title="bbox 872 2104 1549 2142; baseline 0.004 -3"><span class='ocrx_word' id='word_1_382' title='bbox 872 2104 1035 2139; x_wconf 89' lang='lat' dir='ltr'><strong>nondum</strong></span> <span class='ocrx_word' id='word_1_383' title='bbox 1050 2112 1162 2140; x_wconf 86' lang='lat' dir='ltr'><strong>erant.</strong></span> <span class='ocrx_word' id='word_1_384' title='bbox 1178 2105 1295 2141; x_wconf 84' lang='lat' dir='ltr'><strong>Suasit</strong></span> <span class='ocrx_word' id='word_1_385' title='bbox 1310 2113 1427 2141; x_wconf 88' lang='lat' dir='ltr'><strong>autem</strong></span> <span class='ocrx_word' id='word_1_386' title='bbox 1445 2108 1549 2142; x_wconf 87' lang='lat' dir='ltr'><strong>Her-</strong></span> 
     </span>
     <span class='ocr_line' id='line_1_67' title="bbox 871 2155 1550 2194; baseline 0.007 -5"><span class='ocrx_word' id='word_1_387' title='bbox 871 2156 965 2190; x_wconf 84' lang='lat' dir='ltr'><strong>cules</strong></span> <span class='ocrx_word' id='word_1_388' title='bbox 983 2155 1183 2191; x_wconf 85' lang='lat' dir='ltr'><strong>hominibus</strong></span> <span class='ocrx_word' id='word_1_389' title='bbox 1201 2157 1299 2192; x_wconf 82' lang='lat' dir='ltr'><strong>istius</strong></span> <span class='ocrx_word' id='word_1_390' title='bbox 1316 2165 1442 2192; x_wconf 72' lang='lat' dir='ltr'><strong>terrae:</strong></span> <span class='ocrx_word' id='word_1_391' title='bbox 1460 2173 1477 2187; x_wconf 82' lang='lat'><strong>«</strong></span> <span class='ocrx_word' id='word_1_392' title='bbox 1498 2159 1550 2194; x_wconf 93' lang='lat' dir='ltr'><strong>Ut</strong></span> 
     </span>
     <span class='ocr_line' id='line_1_68' title="bbox 876 2206 1551 2245; baseline 0.007 -5"><span class='ocrx_word' id='word_1_393' title='bbox 876 2222 898 2236; x_wconf 68' lang='lat' dir='ltr'><strong>‘v</strong></span> <span class='ocrx_word' id='word_1_394' title='bbox 912 2206 1030 2242; x_wconf 72' lang='lat' dir='ltr'><strong>faustis</strong></span> <span class='ocrx_word' id='word_1_395' title='bbox 1054 2208 1227 2243; x_wconf 79' lang='lat' dir='ltr'><strong>sacrificiis</strong></span> <span class='ocrx_word' id='word_1_396' title='bbox 1252 2209 1400 2244; x_wconf 78' lang='lat' dir='ltr'><strong>infausta</strong></span> <span class='ocrx_word' id='word_1_397' title='bbox 1425 2217 1551 2245; x_wconf 87' lang='lat' dir='ltr'><strong>muta-</strong></span> 
     </span>
     <span class='ocr_line' id='line_1_69' title="bbox 877 2258 1552 2305; baseline 0.01 -14"><span class='ocrx_word' id='word_1_398' title='bbox 877 2273 896 2288; x_wconf 79' lang='lat'>»</span> <span class='ocrx_word' id='word_1_399' title='bbox 915 2265 996 2293; x_wconf 79' lang='lat' dir='ltr'><strong>rent</strong></span> <span class='ocrx_word' id='word_1_400' title='bbox 1005 2284 1014 2302; x_wconf 88' lang='lat'>,</span> <span class='ocrx_word' id='word_1_401' title='bbox 1035 2258 1226 2295; x_wconf 78' lang='lat' dir='ltr'><strong>inferentes</strong></span> <span class='ocrx_word' id='word_1_402' title='bbox 1236 2260 1310 2296; x_wconf 86' lang='lat' dir='ltr'><strong>Diti</strong></span> <span class='ocrx_word' id='word_1_403' title='bbox 1321 2288 1331 2305; x_wconf 83' lang='lat'>,</span> <span class='ocrx_word' id='word_1_404' title='bbox 1345 2275 1420 2297; x_wconf 89' lang='lat' dir='ltr'><strong>non</strong></span> <span class='ocrx_word' id='word_1_405' title='bbox 1433 2263 1552 2298; x_wconf 87' lang='lat' dir='ltr'><strong>homi-</strong></span> 
     </span>
     <span class='ocr_line' id='line_1_70' title="bbox 877 2312 1554 2357; baseline 0.009 -12"><span class='ocrx_word' id='word_1_406' title='bbox 877 2327 896 2343; x_wconf 77' lang='lat'><strong>»</strong></span> <span class='ocrx_word' id='word_1_407' title='bbox 915 2324 1003 2346; x_wconf 86' lang='lat' dir='ltr'><strong>num</strong></span> <span class='ocrx_word' id='word_1_408' title='bbox 1019 2312 1130 2357; x_wconf 82' lang='lat' dir='ltr'><strong>capita</strong></span> <span class='ocrx_word' id='word_1_409' title='bbox 1142 2338 1153 2356; x_wconf 92' lang='lat'>,</span> <span class='ocrx_word' id='word_1_410' title='bbox 1167 2313 1227 2348; x_wconf 89' lang='lat' dir='ltr'><strong>sed</strong></span> <span class='ocrx_word' id='word_1_411' title='bbox 1242 2315 1354 2349; x_wconf 79' lang='lat' dir='ltr'><strong>oscilla</strong></span> <span class='ocrx_word' id='word_1_412' title='bbox 1371 2315 1414 2349; x_wconf 83' lang='lat' dir='ltr'><strong>ad</strong></span> <span class='ocrx_word' id='word_1_413' title='bbox 1427 2315 1554 2350; x_wconf 84' lang='lat' dir='ltr'><strong>huma-</strong></span> 
     </span>
     <span class='ocr_line' id='line_1_71' title="bbox 878 2362 1553 2410; baseline 0.01 -14"><span class='ocrx_word' id='word_1_414' title='bbox 878 2378 896 2393; x_wconf 78' lang='lat'>»</span> <span class='ocrx_word' id='word_1_415' title='bbox 915 2376 998 2397; x_wconf 87' lang='lat' dir='ltr'><strong>nam</strong></span> <span class='ocrx_word' id='word_1_416' title='bbox 1023 2362 1175 2409; x_wconf 84' lang='lat' dir='ltr'><strong>effigiem</strong></span> <span class='ocrx_word' id='word_1_417' title='bbox 1200 2372 1274 2400; x_wconf 82' lang='lat' dir='ltr'><strong>arte</strong></span> <span class='ocrx_word' id='word_1_418' title='bbox 1301 2366 1460 2401; x_wconf 82' lang='lat' dir='ltr'><strong>simulata</strong></span> <span class='ocrx_word' id='word_1_419' title='bbox 1477 2394 1488 2410; x_wconf 82' lang='lat'>,</span> <span class='ocrx_word' id='word_1_420' title='bbox 1515 2375 1553 2403; x_wconf 84' lang='lat' dir='ltr'><strong>et</strong></span> 
     </span>
     <span class='ocr_line' id='line_1_72' title="bbox 878 2413 1552 2459; baseline 0.009 -11"><span class='ocrx_word' id='word_1_421' title='bbox 878 2429 897 2444; x_wconf 70' lang='grc' dir='ltr'><strong>ι·</strong></span> <span class='ocrx_word' id='word_1_422' title='bbox 916 2427 990 2449; x_wconf 85' lang='lat' dir='ltr'><strong>aras</strong></span> <span class='ocrx_word' id='word_1_423' title='bbox 1003 2413 1201 2459; x_wconf 84' lang='lat' dir='ltr'><strong>Saturnias,</strong></span> <span class='ocrx_word' id='word_1_424' title='bbox 1213 2429 1287 2450; x_wconf 89' lang='lat' dir='ltr'><strong>non</strong></span> <span class='ocrx_word' id='word_1_425' title='bbox 1303 2418 1489 2453; x_wconf 83' lang='lat' dir='ltr'><strong>mactando</strong></span> <span class='ocrx_word' id='word_1_426' title='bbox 1502 2420 1552 2454; x_wconf 83' lang='lat' dir='ltr'><strong>vi-</strong></span> 
     </span>
     <span class='ocr_line' id='line_1_73' title="bbox 877 2465 1556 2508; baseline 0.013 -12"><span class='ocrx_word' id='word_1_427' title='bbox 877 2479 897 2496; x_wconf 70' lang='lat'>»</span> <span class='ocrx_word' id='word_1_428' title='bbox 918 2479 993 2508; x_wconf 80' lang='lat' dir='ltr'><strong>ros,</strong></span> <span class='ocrx_word' id='word_1_429' title='bbox 1011 2465 1078 2501; x_wconf 85' lang='lat' dir='ltr'><strong>sed·</strong></span> <span class='ocrx_word' id='word_1_430' title='bbox 1087 2467 1237 2501; x_wconf 81' lang='lat' dir='ltr'><strong>accensis</strong></span> <span class='ocrx_word' id='word_1_431' title='bbox 1249 2468 1438 2504; x_wconf 80' lang='lat' dir='ltr'><strong>luminibus</strong></span> <span class='ocrx_word' id='word_1_432' title='bbox 1451 2482 1556 2504; x_wconf 86' lang='lat' dir='ltr'><strong>exco-</strong></span> 
     </span>
     <span class='ocr_line' id='line_1_74' title="bbox 880 2518 1553 2567; baseline 0.007 -15"><span class='ocrx_word' id='word_1_433' title='bbox 880 2533 898 2548; x_wconf 69' lang='grc' dir='ltr'><strong>ιυ</strong></span> <span class='ocrx_word' id='word_1_434' title='bbox 916 2518 1026 2553; x_wconf 83' lang='lat' dir='ltr'><strong>lentes</strong></span> <span class='ocrx_word' id='word_1_435' title='bbox 1037 2545 1047 2562; x_wconf 91' lang='lat'>,</span> <span class='ocrx_word' id='word_1_436' title='bbox 1074 2518 1155 2563; x_wconf 83' lang='lat' dir='ltr'><strong>quia</strong></span> <span class='ocrx_word' id='word_1_437' title='bbox 1177 2531 1252 2553; x_wconf 83' lang='lat' dir='ltr'><strong>non</strong></span> <span class='ocrx_word' id='word_1_438' title='bbox 1276 2520 1389 2554; x_wconf 89' lang='lat' dir='ltr'><strong>solum</strong></span> <span class='ocrx_word' id='word_1_439' title='bbox 1414 2521 1531 2557; x_wconf 82' lang='lat' dir='ltr'><strong>virum</strong></span> <span class='ocrx_word' id='word_1_440' title='bbox 1542 2549 1553 2567; x_wconf 90' lang='lat'>,</span> 
     </span>
     <span class='ocr_line' id='line_1_75' title="bbox 880 2569 1554 2616; baseline 0.006 -13"><span class='ocrx_word' id='word_1_441' title='bbox 880 2583 898 2599; x_wconf 68' lang='grc' dir='ltr'><strong>ι·</strong></span> <span class='ocrx_word' id='word_1_442' title='bbox 918 2569 978 2604; x_wconf 84' lang='lat' dir='ltr'><strong>sed</strong></span> <span class='ocrx_word' id='word_1_443' title='bbox 990 2576 1025 2604; x_wconf 89' lang='lat' dir='ltr'><strong>et</strong></span> <span class='ocrx_word' id='word_1_444' title='bbox 1037 2570 1169 2604; x_wconf 87' lang='lat' dir='ltr'><strong>lumina</strong></span> <span class='ocrx_word' id='word_1_445' title='bbox 1185 2586 1268 2615; x_wconf 70' lang='grc' dir='ltr'><strong><em>,σο-τα</em></strong></span> <span class='ocrx_word' id='word_1_446' title='bbox 1281 2585 1299 2601; x_wconf 80' lang='lat'><strong>¹·</strong></span> <span class='ocrx_word' id='word_1_447' title='bbox 1314 2572 1423 2616; x_wconf 82' lang='lat' dir='ltr'><strong>(quod</strong></span> <span class='ocrx_word' id='word_1_448' title='bbox 1433 2573 1554 2607; x_wconf 84' lang='lat' dir='ltr'><strong>inora-</strong></span> 
     </span>
     <span class='ocr_line' id='line_1_76' title="bbox 877 2621 1554 2669; baseline 0.006 -14"><span class='ocrx_word' id='word_1_449' title='bbox 877 2621 956 2657; x_wconf 88' lang='lat' dir='ltr'><strong>culo</strong></span> <span class='ocrx_word' id='word_1_450' title='bbox 971 2621 1123 2659; x_wconf 77' lang='lat' dir='ltr'><strong>occurrit</strong></span> <span class='ocrx_word' id='word_1_451' title='bbox 1139 2622 1153 2664; x_wconf 94' lang='lat'><strong>)</strong></span> <span class='ocrx_word' id='word_1_452' title='bbox 1179 2635 1198 2652; x_wconf 72' lang='grc' dir='ltr'><em>α</em></span> <span class='ocrx_word' id='word_1_453' title='bbox 1221 2622 1410 2669; x_wconf 78' lang='lat' dir='ltr'><strong>significat3</strong></span> <span class='ocrx_word' id='word_1_454' title='bbox 1437 2639 1456 2655; x_wconf 69' lang='grc' dir='ltr'><strong>ι·</strong></span> <span class='ocrx_word' id='word_1_455' title='bbox 1472 2625 1554 2660; x_wconf 86' lang='lat' dir='ltr'><strong>Ma·</strong></span> 
     </span>
     <span class='ocr_line' id='line_1_77' title="bbox 879 2674 1559 2723; baseline 0.003 -12"><span class='ocrx_word' id='word_1_456' title='bbox 879 2675 1034 2718; x_wconf 86' lang='lat' dir='ltr'><strong>crobius,</strong></span> <span class='ocrx_word' id='word_1_457' title='bbox 1048 2675 1120 2711; x_wconf 85' lang='lat' dir='ltr'><strong>Sat.</strong></span> <span class='ocrx_word' id='word_1_458' title='bbox 1136 2674 1193 2711; x_wconf 79' lang='lat' dir='ltr'><strong>lib.</strong></span> <span class='ocrx_word' id='word_1_459' title='bbox 1206 2676 1225 2712; x_wconf 94' lang='lat'>1</span> <span class='ocrx_word' id='word_1_460' title='bbox 1236 2701 1247 2719; x_wconf 87' lang='lat'><em>,</em></span> <span class='ocrx_word' id='word_1_461' title='bbox 1261 2689 1334 2722; x_wconf 89' lang='lat' dir='ltr'><strong>cap.</strong></span> <span class='ocrx_word' id='word_1_462' title='bbox 1345 2691 1383 2723; x_wconf 89' lang='lat'><strong>7;</strong></span> <span class='ocrx_word' id='word_1_463' title='bbox 1397 2677 1442 2713; x_wconf 89' lang='lat' dir='ltr'><strong>de</strong></span> <span class='ocrx_word' id='word_1_464' title='bbox 1459 2679 1559 2713; x_wconf 87' lang='lat' dir='ltr'><strong>Her—</strong></span> 
     </span>
     <span class='ocr_line' id='line_1_78' title="bbox 881 2727 1338 2764; baseline 0.002 -1"><span class='ocrx_word' id='word_1_465' title='bbox 881 2727 965 2763; x_wconf 85' lang='lat' dir='ltr'><strong>culis</strong></span> <span class='ocrx_word' id='word_1_466' title='bbox 977 2727 1129 2763; x_wconf 82' lang='lat' dir='ltr'><strong>adventu</strong></span> <span class='ocrx_word' id='word_1_467' title='bbox 1142 2729 1181 2763; x_wconf 89' lang='lat' dir='ltr'><strong>in</strong></span> <span class='ocrx_word' id='word_1_468' title='bbox 1195 2728 1338 2764; x_wconf 79' lang='lat' dir='ltr'><strong>ltaliam.</strong></span> 
     </span>
    </p>

    <p class='ocr_par' dir='ltr' id='par_1_13' title="bbox 921 2780 1557 2827">
     <span class='ocr_line' id='line_1_79' title="bbox 921 2780 1557 2827; baseline 0.005 -13"><span class='ocrx_word' id='word_1_469' title='bbox 921 2780 996 2815; x_wconf 78' lang='lat'>633.</span> <span class='ocrx_word' id='word_1_470' title='bbox 1003 2780 1091 2817; x_wconf 66' lang='lat' dir='ltr'><strong>Hac</strong></span> <span class='ocrx_word' id='word_1_471' title='bbox 1100 2781 1221 2827; x_wconf 88' lang='lat' dir='ltr'><strong>opinio</strong></span> <span class='ocrx_word' id='word_1_472' title='bbox 1231 2788 1309 2817; x_wconf 86' lang='lat' dir='ltr'><strong>orta</strong></span> <span class='ocrx_word' id='word_1_473' title='bbox 1316 2789 1392 2818; x_wconf 87' lang='lat' dir='ltr'><strong>erat</strong></span> <span class='ocrx_word' id='word_1_474' title='bbox 1401 2795 1420 2818; x_wconf 88' lang='lat' dir='ltr'><strong>e</strong></span> <span class='ocrx_word' id='word_1_475' title='bbox 1429 2794 1557 2827; x_wconf 83' lang='lat' dir='ltr'><strong>prover</strong></span> 
     </span>
    </p>
   </div>
  </div>
 </body>
</html>
