1826 3054
517 215 927 261 FASTORUM
968 217 1100 260 LIB.
1142 218 1233 261 VI.

1515 220 1597 276 431

187 312 333 375 Quem
355 328 437 358 nos
460 311 705 357 Portunum
720 346 733 366 ,
759 326 838 357 sua
859 307 1007 371 lingua
1026 308 1271 358 Palaemona
1296 310 1441 361 dicet:

251 391 316 436 Ite
330 426 341 445 ,
366 406 547 455 precor,
569 387 735 435 nostris
756 404 909 453 aequus
923 382 1114 453 ¹uterque
1137 386 1261 435 locis.

186 468 445 516 Adnuerant
464 486 474 514 :
493 465 710 532 promissa
731 464 839 513 fides
858 483 868 512 ι
887 482 1076 531 posuere
1098 463 1297 524 labores;

250 544 439 592 Nomina
461 553 714 599 mutarunt3
735 542 809 590 hic
832 541 942 590 deus
957 578 970 599 ,
995 541 1074 591 illa
1098 541 1179 592 dea
1201 555 1281 592 est.

1538 558 1606 592 550

187 622 279 670 Cur
296 632 411 669 vetet
434 618 612 668 ancillas
632 618 858 677 accedere,
884 619 1114 686 quaeritis?
1136 620 1233 670 odit
1251 641 1261 679 ;

251 697 606 764 principiumque
631 697 743 754 odii,
770 696 807 745 si
830 697 945 745 sinat
963 697 1085 764 ipsa,
1112 717 1263 747 canam
1283 719 1294 747 :

185 778 284 823 Una
308 774 608 823 ministrarum
632 773 763 823 solita
783 785 873 833 est,
903 774 1106 833 Cadmei,
1133 788 1306 825 tuarum

246 852 370 917 Saepe
396 851 482 899 sub
507 849 735 918 amplexus
756 850 956 917 conjugis
978 851 1040 899 ire
1064 851 1144 899 tui.

184 928 424 995 Improbus
444 929 558 984 hanc
575 928 790 979 Athamas
810 929 963 977 furtim
987 927 1137 977 dilexit
1156 948 1167 977 :
1190 929 1245 978 ab
1271 928 1344 978 illa

1541 944 1606 978 555

249 1005 483 1072 Comperit
504 1004 709 1068 agricolis
733 1006 897 1055 semina
918 1017 1032 1054 tosta
1058 1005 1164 1054 dari.

184 1083 287 1148 Ipsa
311 1082 491 1148 quidem
516 1082 670 1131 fecisse
691 1095 842 1146 negat,
869 1082 946 1132 sed
961 1083 1074 1132 fama
1092 1083 1256 1150 recepit
1274 1103 1285 1131 ε

249 1163 347 1210 Hoc
371 1173 461 1219 est,
489 1180 567 1209 cur
591 1161 694 1209 odio
719 1162 779 1210 sit
802 1162 887 1210 tihi
910 1180 1032 1211 serva
1053 1181 1220 1211 manus.

185 1243 286 1289 Non
314 1253 459 1290 tamen
481 1241 594 1290 hanc
615 1259 700 1306 pro
723 1240 858 1307 stirpe
883 1260 960 1289 sua
982 1239 1054 1307 pia
1073 1234 1212 1290 mater
1231 1240 1385 1289 adoret
1400 1279 1412 1299 ‚

250 1320 351 1385 Ipsa
374 1337 532 1385 pamm
555 1316 661 1365 felix
683 1318 775 1366 visa
795 1317 930 1366 fuisse
950 1327 1122 1383 parens.

183 1395 378 1443 Alterius
401 1394 572 1461 prolem
598 1393 756 1443 melius
777 1393 1043 1443 mandabitis
1061 1392 1152 1452 illi,

247 1472 415 1521 Utilior
434 1472 611 1521 Baccho
635 1490 767 1538 quam
789 1470 877 1519 suit
898 1472 995 1537 ipsa
1015 1472 1121 1520 suis.

183 1550 310 1598 Hanc
334 1549 441 1608 tibi,
467 1550 575 1613 Quo
600 1567 831 1615 properas,
854 1561 1102 1598 memorant
1123 1549 1307 1606 dixisse,
1332 1548 1513 1598 Rutili?

181 1681 342 1727 Neapolis
348 1681 539 1724 dubitabat,
546 1688 667 1715 utrum
674 1682 851 1721 Portunus,

179 1747 223 1768 an
238 1747 320 1770 cum
338 1735 407 1770 suis
422 1734 520 1770 MSS
542 1736 743 1770 Pomanus
762 1735 855 1769 scri-

179 1785 336 1821 bendum
356 1788 425 1827 sitz
447 1787 522 1822 sine
544 1799 646 1822 causa
668 1800 677 1821 ε
701 1785 853 1830 Cicero,

181 1837 260 1872 Nat.
273 1837 369 1873 deor.
381 1838 417 1873 Π
430 1864 440 1880 ,
461 1838 503 1873 26
519 1851 557 1873 2«
575 1838 627 1874 Ut
644 1839 856 1874 Portunusa

181 1896 283 1934 portu
294 1915 304 1931 ‚
319 1889 366 1924 sic
387 1889 574 1934 Neptunus
590 1903 610 1924 a
626 1890 756 1925 nando.
777 1905 795 1921 ιν
812 1906 857 1916 ·-·

182 1941 254 1975 Pro
269 1943 354 1975 locis
377 1941 542 1976 Heinsius
558 1941 679 1976 suadet
686 1941 794 1986 foc-125.

226 1996 300 2028 550.
317 1994 490 2026 Promissa
496 1995 611 2038 fidess
627 2000 667 2027 ut
682 2000 763 2027 vota
762 1995 859 2038 fides

182 2048 330 2088 sequitur
343 2044 467 2088 passim
480 2070 489 2087 ,
501 2044 608 2078 etiam
618 2044 654 2078 in
667 2043 719 2078 his
733 2044 855 2087 Fastis,

181 2094 307 2140 legitur
317 2121 327 2138 ,
350 2108 461 2140 quum
477 2095 517 2129 fit
528 2121 537 2139 ,
550 2095 645 2141 quod
662 2096 739 2140 quis
751 2102 858 2141 opta-

181 2153 278 2180 verat
295 2161 304 2186 ;
325 2147 373 2182 sic
385 2149 479 2191 fides
499 2151 723 2191 promittitur.
748 2160 860 2192 quum

182 2200 257 2245 quis
273 2201 447 2245 promittit
471 2213 508 2235 se
531 2200 659 2245 aliquid
682 2199 859 2235 facturum

181 2264 253 2285 esse
264 2265 273 2291 ς
291 2250 348 2286 III
359 2278 368 2295 ,
382 2251 447 2285 366
459 2265 466 2285 :
478 2253 671 2286 Polla-itam
682 2254 784 2286 dictis
794 2253 861 2285 ad-

185 2304 363 2348 defidem,·
392 2303 652 2338 Pseudo-Lacr.
670 2302 714 2338 de
738 2303 859 2338 Pasch.

187 2354 276 2388 552«
286 2354 471 2399 pollicitam
485 2354 593 2389 redde
614 2355 722 2390 fidem
734 2369 743 2396 ς
756 2371 773 2384 υ
787 2355 859 2391 VII

189 2405 335 2441 Metam.
351 2406 416 2441 323
432 2420 439 2440 :
456 2422 474 2436 «
494 2409 659 2453 promissa
676 2414 860 2452 postquam

188 2456 383 2492 Exhihuere
391 2458 508 2494 fidem.
523 2475 539 2488 u
551 2458 733 2502 Heinsius,
749 2471 859 2504 quum

187 2509 450 2555 Patavinusfide
458 2511 616 2545 exhibeat
625 2538 634 2553 ,
647 2512 859 2555 conjicitad-

184 2570 322 2596 nuenmt
326 2565 572 2609 prom'ssafide.
587 2563 623 2608 Q
629 2576 815 2608 uamquam
823 2570 860 2598 et

185 2612 348 2647 suadebat
366 2627 374 2648 :
394 2615 563 2659 Adsueral
576 2619 745 2659 promissa
754 2618 858 2661 fides.

228 2666 303 2698 551.
321 2663 454 2700 Confer
477 2666 722 2709 Plutarchum,
746 2667 860 2711 Quae-

181 2715 282 2750 stion.
294 2716 442 2751 Roman.
455 2724 539 2753 tom.
552 2719 622 2754 vu
632 2745 643 2765 ,
654 2732 686 2764 p.
697 2719 738 2752 83
752 2731 760 2753 τ
773 2722 859 2754 Δού-

920 1686 988 1719 λαις
1002 1683 1036 1716 τὶ
1052 1689 1107 1720 τῖς
1122 1683 1286 1720 Λευκοθέας
1304 1684 1382 1731 ιἰρόν
1397 1685 1524 1726 ἔθεσαν,
1541 1684 1603 1729 qui

921 1732 1034 1775 addit,
1062 1745 1171 1767 unam
1197 1733 1358 1768 ancillam
1380 1734 1555 1771 introduci
1582 1749 1604 1771 a

921 1785 1109 1827 matronis,
1127 1784 1348 1830 colaphisque
1369 1787 1602 1823 verberari.—

925 1838 1071 1871 Cadmei
1082 1837 1186 1872 habet
1211 1838 1288 1873 cod.
1306 1839 1391 1873 Laeti
1408 1866 1418 1882 ‚
1436 1846 1540 1885 atque
1555 1841 1605 1876 ita

921 1889 1028 1923 etiam
1055 1902 1074 1923 a
1099 1902 1208 1924 manu
1234 1890 1347 1935 prima
1370 1891 1407 1925 in
1431 1892 1601 1928 Mazariu.

920 1940 1023 1976 fuisse
1040 1941 1199 1982 videtum
1217 1949 1286 1977 tres
1305 1943 1466 1977 Cadmeia
1482 1957 1494 1978 .·
1516 1945 1602 1979 vul-

921 2005 965 2038 go
979 1995 1249 2028 Cadmca—Sub
1256 1997 1431 2038 amplexus
1439 1999 1488 2030 ire
1495 1997 1602 2032 etiam

923 2045 997 2080 Vn
1013 2044 1161 2080 Metam.
1175 2046 1354 2081 Gna—De
1370 2050 1552 2083 seminibus
1565 2049 1601 2083 il-

922 2097 963 2132 lis
977 2102 1076 2132 tostis
1090 2098 1168 2133 vide
1192 2099 1248 2140 II,
1267 2100 1354 2139 628;
1374 2100 1451 2142 III,
1479 2102 1601 2136 853.—

925 2148 1024 2184 Illam
1048 2163 1149 2184 unam
1174 2149 1278 2185 fuisse
1294 2150 1451 2186 AEtolam
1474 2161 1600 2199 gente,

926 2201 1157 2245 Antipha-ram
1176 2203 1320 2237 nomine
1334 2229 1344 2245 ,
1361 2211 1396 2238 et
1410 2203 1492 2246 inde
1507 2205 1599 2251 apud

926 2251 1183 2288 Chaeronenses
1197 2254 1365 2289 aedituum
1386 2263 1467 2290 ante
1486 2257 1599 2292 aedem

925 2303 1139 2339 Leucothees
1163 2317 1247 2340 cum
1278 2304 1415 2352 flagello
1445 2314 1599 2342 stantem

923 2354 1062 2390 dicere:
1081 2357 1134 2391 Ne
1158 2357 1234 2402 quis
1254 2371 1375 2392 servus
1394 2358 1524 2402 intret,
1552 2373 1600 2395 ne

924 2420 991 2453 qua
1005 2422 1102 2443 serva
1114 2435 1124 2451 ,
1142 2422 1187 2444 ne
1205 2411 1281 2454 quis
1295 2410 1433 2446 AEtolus
1446 2438 1456 2455 ,
1471 2425 1516 2447 ne
1532 2413 1601 2447 ulla

923 2459 1043 2495 AEtola
1054 2487 1063 2502 ,
1082 2461 1255 2496 Plutarch.
1268 2462 1361 2497 dicto
1376 2463 1451 2498 loco
1470 2471 1600 2499 narrat.

968 2515 1042 2560 559.
1055 2514 1231 2549 Matutam
1247 2527 1319 2549 nou
1336 2516 1510 2552 invocasse
1523 2530 1601 2552 ma-

924 2572 994 2600 tres
1004 2579 1067 2611 pro
1081 2567 1168 2609 suis,
1182 2567 1242 2602 sed
1259 2580 1324 2613 pro
1333 2581 1493 2605 sororum
1510 2569 1600 2605 libe-

923 2617 988 2660 ris,
1017 2625 1159 2662 propter
1184 2631 1323 2653 causam
1344 2619 1400 2655 hic
1415 2620 1565 2656 adlatam
1584 2648 1595 2665 ,

923 2677 1042 2703 narrat
1058 2677 1093 2704 et
1109 2670 1282 2706 Plutarch.
1297 2671 1390 2707 dicto
1403 2672 1479 2707 loco
1494 2687 1526 2718 p.
1543 2674 1597 2717 84.

969 2720 1132 2756 563-568.
1156 2721 1294 2758 Eodem
1302 2748 1312 2766 ,
1341 2736 1411 2768 quo
1435 2724 1597 2759 Matralia
