<?xml version="1.0" encoding="UTF-8"?>
<!DOCTYPE html PUBLIC "-//W3C//DTD XHTML 1.0 Transitional//EN"
    "http://www.w3.org/TR/xhtml1/DTD/xhtml1-transitional.dtd">
<html xmlns="http://www.w3.org/1999/xhtml" xml:lang="en" lang="en">
 <head>
  <title>
</title>
<meta http-equiv="Content-Type" content="text/html;charset=utf-8" />
  <meta name='ocr-system' content='tesseract 3.04.00' />
  <meta name='ocr-capabilities' content='ocr_page ocr_carea ocr_par ocr_line ocrx_word'/>
</head>
<body>
  <div class='ocr_page' id='page_1' title='image "./quaeextantomniao06oviduoft_0209.png"; bbox 0 0 1826 3054; ppageno 0'>
   <div class='ocr_carea' id='block_1_1' title="bbox 534 197 1228 243">
    <p class='ocr_par' dir='ltr' id='par_1_1' title="bbox 534 197 1228 243">
     <span class='ocr_line' id='line_1_1' title="bbox 534 197 1228 243; baseline -0.006 0"><span class='ocrx_word' id='word_1_1' title='bbox 534 197 924 243; x_wconf 80' lang='lat' dir='ltr'><strong>FASTORUM</strong></span> <span class='ocrx_word' id='word_1_2' title='bbox 958 198 1087 240; x_wconf 88' lang='lat' dir='ltr'>LIB.</span> <span class='ocrx_word' id='word_1_3' title='bbox 1125 198 1228 240; x_wconf 91' lang='lat'>111.</span> 
     </span>
    </p>
   </div>
   <div class='ocr_carea' id='block_1_2' title="bbox 250 290 1185 360">
    <p class='ocr_par' dir='ltr' id='par_1_2' title="bbox 250 290 1185 360">
     <span class='ocr_line' id='line_1_2' title="bbox 250 290 1185 360; baseline -0.005 -18"><span class='ocrx_word' id='word_1_4' title='bbox 250 293 431 360; x_wconf 82' lang='lat' dir='ltr'><strong>Suspice</strong></span> <span class='ocrx_word' id='word_1_5' title='bbox 455 312 466 354; x_wconf 72' lang='grc' dir='ltr'><strong>ς</strong></span> <span class='ocrx_word' id='word_1_6' title='bbox 492 292 719 355; x_wconf 81' lang='lat' dir='ltr'>Gorgonei</span> <span class='ocrx_word' id='word_1_7' title='bbox 739 290 856 339; x_wconf 87' lang='lat' dir='ltr'>colla</span> <span class='ocrx_word' id='word_1_8' title='bbox 877 290 1047 339; x_wconf 87' lang='lat' dir='ltr'>videbis</span> <span class='ocrx_word' id='word_1_9' title='bbox 1069 290 1185 356; x_wconf 83' lang='lat' dir='ltr'>equi.</span> 
     </span>
    </p>
   </div>
   <div class='ocr_carea' id='block_1_3' title="bbox 190 368 1231 588">
    <p class='ocr_par' dir='ltr' id='par_1_3' title="bbox 190 368 1231 588">
     <span class='ocr_line' id='line_1_3' title="bbox 190 368 1231 433; baseline -0.005 -12"><span class='ocrx_word' id='word_1_10' title='bbox 190 373 395 421; x_wconf 84' lang='lat' dir='ltr'>Creditur</span> <span class='ocrx_word' id='word_1_11' title='bbox 415 371 488 420; x_wconf 87' lang='lat' dir='ltr'>hic</span> <span class='ocrx_word' id='word_1_12' title='bbox 511 389 628 420; x_wconf 83' lang='lat' dir='ltr'>caesae</span> <span class='ocrx_word' id='word_1_13' title='bbox 650 369 826 433; x_wconf 85' lang='lat' dir='ltr'>gravida</span> <span class='ocrx_word' id='word_1_14' title='bbox 848 369 1012 418; x_wconf 83' lang='lat' dir='ltr'>cervice</span> <span class='ocrx_word' id='word_1_15' title='bbox 1034 368 1231 417; x_wconf 72' lang='lat' dir='ltr'>Medusae</span> 
     </span>
     <span class='ocr_line' id='line_1_4' title="bbox 252 444 1143 513; baseline -0.004 -18"><span class='ocrx_word' id='word_1_16' title='bbox 252 447 475 510; x_wconf 83' lang='lat' dir='ltr'>Sanguine</span> <span class='ocrx_word' id='word_1_17' title='bbox 495 446 706 513; x_wconf 78' lang='lat' dir='ltr'>respersis</span> <span class='ocrx_word' id='word_1_18' title='bbox 729 444 988 512; x_wconf 78' lang='lat' dir='ltr'>prosiluisse</span> <span class='ocrx_word' id='word_1_19' title='bbox 1009 444 1143 510; x_wconf 83' lang='lat' dir='ltr'>jubis.</span> 
     </span>
     <span class='ocr_line' id='line_1_5' title="bbox 190 519 1208 588; baseline -0.003 -18"><span class='ocrx_word' id='word_1_20' title='bbox 190 523 307 571; x_wconf 83' lang='lat' dir='ltr'>Huic</span> <span class='ocrx_word' id='word_1_21' title='bbox 332 541 465 588; x_wconf 87' lang='lat' dir='ltr'>supra</span> <span class='ocrx_word' id='word_1_22' title='bbox 484 522 629 570; x_wconf 85' lang='lat' dir='ltr'>nubes</span> <span class='ocrx_word' id='word_1_23' title='bbox 644 559 657 579; x_wconf 89' lang='lat'>‚</span> <span class='ocrx_word' id='word_1_24' title='bbox 680 533 724 569; x_wconf 88' lang='lat' dir='ltr'>et</span> <span class='ocrx_word' id='word_1_25' title='bbox 742 521 898 569; x_wconf 76' lang='lat' dir='ltr'>subter</span> <span class='ocrx_word' id='word_1_26' title='bbox 919 520 1063 569; x_wconf 88' lang='lat' dir='ltr'>sidera</span> <span class='ocrx_word' id='word_1_27' title='bbox 1082 519 1208 586; x_wconf 78' lang='lat' dir='ltr'>lapso</span> 
     </span>
    </p>
   </div>
   <div class='ocr_carea' id='block_1_4' title="bbox 254 597 1217 667">
    <p class='ocr_par' dir='ltr' id='par_1_4' title="bbox 254 597 1217 667">
     <span class='ocr_line' id='line_1_6' title="bbox 254 597 1217 667; baseline -0.004 -18"><span class='ocrx_word' id='word_1_28' title='bbox 254 599 421 649; x_wconf 84' lang='lat' dir='ltr'>Caelum</span> <span class='ocrx_word' id='word_1_29' title='bbox 440 619 523 667; x_wconf 87' lang='lat' dir='ltr'>pro</span> <span class='ocrx_word' id='word_1_30' title='bbox 548 612 662 649; x_wconf 88' lang='lat' dir='ltr'>terra</span> <span class='ocrx_word' id='word_1_31' title='bbox 676 637 688 658; x_wconf 95' lang='lat'><strong>‚</strong></span> <span class='ocrx_word' id='word_1_32' title='bbox 712 619 796 666; x_wconf 90' lang='lat' dir='ltr'>pro</span> <span class='ocrx_word' id='word_1_33' title='bbox 819 598 932 666; x_wconf 85' lang='lat' dir='ltr'>pede</span> <span class='ocrx_word' id='word_1_34' title='bbox 951 617 1097 666; x_wconf 88' lang='lat' dir='ltr'>penna</span> <span class='ocrx_word' id='word_1_35' title='bbox 1117 597 1217 646; x_wconf 87' lang='lat' dir='ltr'>fuit.</span> 
     </span>
    </p>
   </div>
   <div class='ocr_carea' id='block_1_5' title="bbox 190 678 1286 745">
    <p class='ocr_par' dir='ltr' id='par_1_5' title="bbox 190 678 1286 745">
     <span class='ocr_line' id='line_1_7' title="bbox 190 678 1286 745; baseline -0.003 -18"><span class='ocrx_word' id='word_1_36' title='bbox 190 681 379 745; x_wconf 86' lang='lat' dir='ltr'>Jamque</span> <span class='ocrx_word' id='word_1_37' title='bbox 399 679 648 742; x_wconf 81' lang='lat' dir='ltr'>indignanti</span> <span class='ocrx_word' id='word_1_38' title='bbox 669 697 783 726; x_wconf 87' lang='lat' dir='ltr'>nova</span> <span class='ocrx_word' id='word_1_39' title='bbox 800 678 924 726; x_wconf 69' lang='lat' dir='ltr'>{rena</span> <span class='ocrx_word' id='word_1_40' title='bbox 941 687 1164 743; x_wconf 81' lang='lat' dir='ltr'>receperat</span> <span class='ocrx_word' id='word_1_41' title='bbox 1183 694 1286 740; x_wconf 86' lang='lat' dir='ltr'>ore;</span> 
     </span>
    </p>
   </div>
   <div class='ocr_carea' id='block_1_6' title="bbox 1547 690 1625 736">
    <p class='ocr_par' dir='ltr' id='par_1_6' title="bbox 1547 690 1625 736">
     <span class='ocr_line' id='line_1_8' title="bbox 1547 690 1625 736; baseline 0.026 -2"><span class='ocrx_word' id='word_1_42' title='bbox 1547 690 1625 736; x_wconf 77' lang='lat'>4⁵5.</span> 
     </span>
    </p>
   </div>
   <div class='ocr_carea' id='block_1_7' title="bbox 191 755 1331 1055">
    <p class='ocr_par' dir='ltr' id='par_1_7' title="bbox 191 755 1331 900">
     <span class='ocr_line' id='line_1_9' title="bbox 256 755 1223 822; baseline -0.003 -16"><span class='ocrx_word' id='word_1_43' title='bbox 256 759 410 822; x_wconf 85' lang='lat' dir='ltr'>Quum</span> <span class='ocrx_word' id='word_1_44' title='bbox 430 757 538 806; x_wconf 83' lang='lat' dir='ltr'>levis</span> <span class='ocrx_word' id='word_1_45' title='bbox 559 757 727 806; x_wconf 88' lang='lat' dir='ltr'>Aonias</span> <span class='ocrx_word' id='word_1_46' title='bbox 750 756 916 820; x_wconf 79' lang='lat' dir='ltr'>ungula</span> <span class='ocrx_word' id='word_1_47' title='bbox 938 755 1055 804; x_wconf 80' lang='lat' dir='ltr'>fodit</span> <span class='ocrx_word' id='word_1_48' title='bbox 1074 773 1223 822; x_wconf 84' lang='lat' dir='ltr'>aquas.</span> 
     </span>
     <span class='ocr_line' id='line_1_10' title="bbox 191 829 1331 900; baseline -0.004 -18"><span class='ocrx_word' id='word_1_49' title='bbox 191 836 321 882; x_wconf 88' lang='lat' dir='ltr'>Nunc</span> <span class='ocrx_word' id='word_1_50' title='bbox 342 834 507 882; x_wconf 83' lang='lat' dir='ltr'>fruitur</span> <span class='ocrx_word' id='word_1_51' title='bbox 529 833 634 882; x_wconf 88' lang='lat' dir='ltr'>caelo</span> <span class='ocrx_word' id='word_1_52' title='bbox 648 871 660 891; x_wconf 94' lang='lat'>,</span> <span class='ocrx_word' id='word_1_53' title='bbox 685 832 805 900; x_wconf 88' lang='lat' dir='ltr'>quod</span> <span class='ocrx_word' id='word_1_54' title='bbox 826 831 985 899; x_wconf 84' lang='lat' dir='ltr'>pennis</span> <span class='ocrx_word' id='word_1_55' title='bbox 1008 843 1107 879; x_wconf 87' lang='lat' dir='ltr'>ante</span> <span class='ocrx_word' id='word_1_56' title='bbox 1129 829 1331 897; x_wconf 85' lang='lat' dir='ltr'>petebat;</span> 
     </span>
    </p>

    <p class='ocr_par' dir='ltr' id='par_1_8' title="bbox 194 906 1318 1055">
     <span class='ocr_line' id='line_1_11' title="bbox 258 906 1318 975; baseline -0.004 -17"><span class='ocrx_word' id='word_1_57' title='bbox 258 913 319 959; x_wconf 85' lang='lat' dir='ltr'>Et</span> <span class='ocrx_word' id='word_1_58' title='bbox 339 910 512 958; x_wconf 85' lang='lat' dir='ltr'>nitidus</span> <span class='ocrx_word' id='word_1_59' title='bbox 536 908 676 958; x_wconf 88' lang='lat' dir='ltr'>stellis</span> <span class='ocrx_word' id='word_1_60' title='bbox 698 909 897 975; x_wconf 90' lang='lat' dir='ltr'>quinque</span> <span class='ocrx_word' id='word_1_61' title='bbox 919 908 1156 972; x_wconf 79' lang='lat' dir='ltr'>decemque</span> <span class='ocrx_word' id='word_1_62' title='bbox 1172 906 1318 954; x_wconf 85' lang='lat' dir='ltr'>micat.</span> 
     </span>
     <span class='ocr_line' id='line_1_12' title="bbox 194 986 1285 1055; baseline -0.007 -16"><span class='ocrx_word' id='word_1_63' title='bbox 194 991 443 1039; x_wconf 78' lang='lat' dir='ltr'>PROTINUS</span> <span class='ocrx_word' id='word_1_64' title='bbox 465 988 679 1055; x_wconf 86' lang='lat' dir='ltr'>adspicies</span> <span class='ocrx_word' id='word_1_65' title='bbox 697 986 889 1035; x_wconf 85' lang='lat' dir='ltr'>venienti</span> <span class='ocrx_word' id='word_1_66' title='bbox 909 998 1041 1034; x_wconf 89' lang='lat' dir='ltr'>nocte</span> <span class='ocrx_word' id='word_1_67' title='bbox 1063 986 1285 1033; x_wconf 86' lang='lat' dir='ltr'>Coronam</span> 
     </span>
    </p>
   </div>
   <div class='ocr_carea' id='block_1_8' title="bbox 264 1061 1247 1114">
    <p class='ocr_par' dir='ltr' id='par_1_9' title="bbox 264 1061 1247 1114">
     <span class='ocr_line' id='line_1_13' title="bbox 264 1061 1247 1114; baseline -0.008 1"><span class='ocrx_word' id='word_1_68' title='bbox 264 1065 467 1114; x_wconf 86' lang='lat' dir='ltr'>Gnosida</span> <span class='ocrx_word' id='word_1_69' title='bbox 485 1085 497 1113; x_wconf 73' lang='grc' dir='ltr'><strong>ι</strong></span> <span class='ocrx_word' id='word_1_70' title='bbox 520 1063 694 1112; x_wconf 88' lang='lat' dir='ltr'>Theseo</span> <span class='ocrx_word' id='word_1_71' title='bbox 714 1062 895 1111; x_wconf 88' lang='lat' dir='ltr'>crimine</span> <span class='ocrx_word' id='word_1_72' title='bbox 916 1061 1029 1110; x_wconf 83' lang='lat' dir='ltr'>facta</span> <span class='ocrx_word' id='word_1_73' title='bbox 1050 1062 1145 1108; x_wconf 88' lang='lat' dir='ltr'>Dea</span> <span class='ocrx_word' id='word_1_74' title='bbox 1166 1071 1247 1109; x_wconf 86' lang='lat' dir='ltr'>est.</span> 
     </span>
    </p>
   </div>
   <div class='ocr_carea' id='block_1_9' title="bbox 197 1204 878 1770">
    <p class='ocr_par' dir='ltr' id='par_1_10' title="bbox 197 1204 878 1770">
     <span class='ocr_line' id='line_1_14' title="bbox 197 1204 874 1242; baseline -0.006 0"><span class='ocrx_word' id='word_1_75' title='bbox 197 1207 238 1242; x_wconf 87' lang='lat' dir='ltr'>Id</span> <span class='ocrx_word' id='word_1_76' title='bbox 254 1219 338 1242; x_wconf 79' lang='lat' dir='ltr'>vero</span> <span class='ocrx_word' id='word_1_77' title='bbox 352 1206 420 1241; x_wconf 82' lang='lat' dir='ltr'>hoc</span> <span class='ocrx_word' id='word_1_78' title='bbox 439 1205 516 1240; x_wconf 89' lang='lat' dir='ltr'>loco</span> <span class='ocrx_word' id='word_1_79' title='bbox 528 1217 601 1240; x_wconf 88' lang='lat' dir='ltr'>non</span> <span class='ocrx_word' id='word_1_80' title='bbox 617 1204 791 1239; x_wconf 84' lang='lat' dir='ltr'>convenit.</span> <span class='ocrx_word' id='word_1_81' title='bbox 801 1205 874 1239; x_wconf 85' lang='lat' dir='ltr'>Ita-</span> 
     </span>
     <span class='ocr_line' id='line_1_15' title="bbox 197 1254 874 1304; baseline -0.007 -10"><span class='ocrx_word' id='word_1_82' title='bbox 197 1271 266 1304; x_wconf 88' lang='lat' dir='ltr'>que</span> <span class='ocrx_word' id='word_1_83' title='bbox 277 1258 448 1304; x_wconf 73' lang='lat' dir='ltr'>displicuit</span> <span class='ocrx_word' id='word_1_84' title='bbox 461 1257 670 1292; x_wconf 88' lang='lat' dir='ltr'>Burmanno</span> <span class='ocrx_word' id='word_1_85' title='bbox 679 1262 715 1289; x_wconf 86' lang='lat' dir='ltr'>et</span> <span class='ocrx_word' id='word_1_86' title='bbox 724 1254 874 1289; x_wconf 82' lang='lat' dir='ltr'>Krebsio</span> 
     </span>
     <span class='ocr_line' id='line_1_16' title="bbox 198 1305 876 1357; baseline -0.007 -12"><span class='ocrx_word' id='word_1_87' title='bbox 198 1318 302 1356; x_wconf 87' lang='lat' dir='ltr'>atque</span> <span class='ocrx_word' id='word_1_88' title='bbox 317 1308 569 1357; x_wconf 22' lang='lat' dir='ltr'>expulsum-est</span> <span class='ocrx_word' id='word_1_89' title='bbox 584 1320 603 1342; x_wconf 91' lang='lat' dir='ltr'>a</span> <span class='ocrx_word' id='word_1_90' title='bbox 626 1305 818 1341; x_wconf 83' lang='lat' dir='ltr'>Mitscherl.</span> <span class='ocrx_word' id='word_1_91' title='bbox 830 1323 876 1332; x_wconf 90' lang='lat'>-·</span> 
     </span>
     <span class='ocr_line' id='line_1_17' title="bbox 198 1356 878 1403; baseline -0.007 -6"><span class='ocrx_word' id='word_1_92' title='bbox 198 1363 344 1397; x_wconf 64' lang='lat' dir='ltr'>Medusa</span> <span class='ocrx_word' id='word_1_93' title='bbox 353 1388 362 1401; x_wconf 92' lang='lat'>‚</span> <span class='ocrx_word' id='word_1_94' title='bbox 390 1373 461 1395; x_wconf 85' lang='lat' dir='ltr'>una</span> <span class='ocrx_word' id='word_1_95' title='bbox 488 1361 678 1403; x_wconf 63' lang='lat' dir='ltr'>Gorgonum</span> <span class='ocrx_word' id='word_1_96' title='bbox 697 1385 706 1398; x_wconf 90' lang='lat'>,</span> <span class='ocrx_word' id='word_1_97' title='bbox 734 1356 878 1402; x_wconf 61' lang='lat' dir='ltr'>gravida</span> 
     </span>
     <span class='ocr_line' id='line_1_18' title="bbox 197 1408 875 1458; baseline -0.01 -9"><span class='ocrx_word' id='word_1_98' title='bbox 197 1420 272 1449; x_wconf 85' lang='lat' dir='ltr'>erat</span> <span class='ocrx_word' id='word_1_99' title='bbox 282 1426 324 1448; x_wconf 83' lang='lat' dir='ltr'>ex</span> <span class='ocrx_word' id='word_1_100' title='bbox 332 1413 509 1458; x_wconf 83' lang='lat' dir='ltr'>Neptuno.</span> <span class='ocrx_word' id='word_1_101' title='bbox 518 1411 712 1456; x_wconf 78' lang='lat' dir='ltr'>Amputato</span> <span class='ocrx_word' id='word_1_102' title='bbox 723 1409 800 1454; x_wconf 81' lang='lat' dir='ltr'>ejus</span> <span class='ocrx_word' id='word_1_103' title='bbox 808 1408 875 1443; x_wconf 87' lang='lat' dir='ltr'>col-</span> 
     </span>
     <span class='ocr_line' id='line_1_19' title="bbox 197 1461 875 1509; baseline -0.009 -9"><span class='ocrx_word' id='word_1_104' title='bbox 197 1466 231 1500; x_wconf 90' lang='lat' dir='ltr'>lo</span> <span class='ocrx_word' id='word_1_105' title='bbox 240 1491 251 1508; x_wconf 85' lang='lat'><em>‚</em></span> <span class='ocrx_word' id='word_1_106' title='bbox 264 1464 367 1500; x_wconf 81' lang='lat' dir='ltr'>soetus</span> <span class='ocrx_word' id='word_1_107' title='bbox 378 1476 458 1499; x_wconf 88' lang='lat' dir='ltr'>cum</span> <span class='ocrx_word' id='word_1_108' title='bbox 470 1462 638 1509; x_wconf 83' lang='lat' dir='ltr'>sanguine</span> <span class='ocrx_word' id='word_1_109' title='bbox 649 1461 803 1503; x_wconf 81' lang='lat' dir='ltr'>exsiluit,</span> <span class='ocrx_word' id='word_1_110' title='bbox 815 1473 875 1495; x_wconf 88' lang='lat' dir='ltr'>ne-</span> 
     </span>
     <span class='ocr_line' id='line_1_20' title="bbox 198 1511 877 1563; baseline -0.007 -11"><span class='ocrx_word' id='word_1_111' title='bbox 198 1529 267 1563; x_wconf 84' lang='lat' dir='ltr'>que</span> <span class='ocrx_word' id='word_1_112' title='bbox 283 1517 434 1561; x_wconf 82' lang='lat' dir='ltr'>Pegasus</span> <span class='ocrx_word' id='word_1_113' title='bbox 447 1522 606 1559; x_wconf 87' lang='lat' dir='ltr'>tantum,</span> <span class='ocrx_word' id='word_1_114' title='bbox 622 1512 683 1549; x_wconf 88' lang='lat' dir='ltr'>sed</span> <span class='ocrx_word' id='word_1_115' title='bbox 699 1520 736 1548; x_wconf 88' lang='lat' dir='ltr'>et</span> <span class='ocrx_word' id='word_1_116' title='bbox 762 1511 877 1560; x_wconf 80' lang='lat' dir='ltr'>Chry-</span> 
     </span>
     <span class='ocr_line' id='line_1_21' title="bbox 197 1565 877 1611; baseline -0.007 -7"><span class='ocrx_word' id='word_1_117' title='bbox 197 1582 277 1604; x_wconf 84' lang='lat' dir='ltr'>saor</span> <span class='ocrx_word' id='word_1_118' title='bbox 285 1568 393 1604; x_wconf 77' lang='lat' dir='ltr'>frater</span> <span class='ocrx_word' id='word_1_119' title='bbox 404 1583 412 1610; x_wconf 88' lang='lat'>;</span> <span class='ocrx_word' id='word_1_120' title='bbox 423 1567 502 1603; x_wconf 83' lang='lat' dir='ltr'>vide</span> <span class='ocrx_word' id='word_1_121' title='bbox 515 1567 711 1603; x_wconf 85' lang='lat' dir='ltr'>Hesiodum</span> <span class='ocrx_word' id='word_1_122' title='bbox 724 1572 760 1601; x_wconf 87' lang='lat' dir='ltr'>et</span> <span class='ocrx_word' id='word_1_123' title='bbox 772 1565 877 1611; x_wconf 85' lang='lat' dir='ltr'>Apol-</span> 
     </span>
     <span class='ocr_line' id='line_1_22' title="bbox 197 1618 876 1664; baseline -0.009 -7"><span class='ocrx_word' id='word_1_124' title='bbox 197 1621 379 1664; x_wconf 84' lang='lat' dir='ltr'>lodorum,</span> <span class='ocrx_word' id='word_1_125' title='bbox 394 1620 474 1655; x_wconf 87' lang='lat' dir='ltr'>dict.</span> <span class='ocrx_word' id='word_1_126' title='bbox 490 1620 574 1655; x_wconf 84' lang='lat' dir='ltr'>loce.</span> <span class='ocrx_word' id='word_1_127' title='bbox 593 1619 646 1654; x_wconf 80' lang='lat' dir='ltr'>Ac</span> <span class='ocrx_word' id='word_1_128' title='bbox 657 1619 714 1654; x_wconf 89' lang='lat' dir='ltr'>ille</span> <span class='ocrx_word' id='word_1_129' title='bbox 733 1618 876 1663; x_wconf 87' lang='lat' dir='ltr'>quidem</span> 
     </span>
     <span class='ocr_line' id='line_1_23' title="bbox 198 1670 877 1718; baseline -0.007 -9"><span class='ocrx_word' id='word_1_130' title='bbox 198 1686 332 1709; x_wconf 88' lang='lat' dir='ltr'>nomen</span> <span class='ocrx_word' id='word_1_131' title='bbox 357 1671 440 1708; x_wconf 88' lang='lat' dir='ltr'>inde</span> <span class='ocrx_word' id='word_1_132' title='bbox 465 1671 595 1718; x_wconf 82' lang='lat' dir='ltr'>accepit</span> <span class='ocrx_word' id='word_1_133' title='bbox 615 1698 626 1715; x_wconf 90' lang='lat'>,</span> <span class='ocrx_word' id='word_1_134' title='bbox 651 1670 746 1716; x_wconf 86' lang='lat' dir='ltr'>quod</span> <span class='ocrx_word' id='word_1_135' title='bbox 769 1683 877 1716; x_wconf 84' lang='lat' dir='ltr'>prope</span> 
     </span>
     <span class='ocr_line' id='line_1_24' title="bbox 200 1725 878 1770; baseline -0.007 -7"><span class='ocrx_word' id='word_1_136' title='bbox 200 1727 321 1763; x_wconf 87' lang='lat' dir='ltr'>oceani</span> <span class='ocrx_word' id='word_1_137' title='bbox 340 1725 474 1768; x_wconf 81' lang='lat' dir='ltr'>sontes,</span> <span class='ocrx_word' id='word_1_138' title='bbox 498 1728 617 1770; x_wconf 66' lang='grc' dir='ltr'><strong><em>πηγὰς,</em></strong></span> <span class='ocrx_word' id='word_1_139' title='bbox 635 1731 738 1759; x_wconf 85' lang='lat' dir='ltr'>natus</span> <span class='ocrx_word' id='word_1_140' title='bbox 763 1730 878 1759; x_wconf 85' lang='lat' dir='ltr'>est.—</span> 
     </span>
    </p>
   </div>
   <div class='ocr_carea' id='block_1_10' title="bbox 198 1774 896 1825">
    <p class='ocr_par' dir='ltr' id='par_1_11' title="bbox 198 1774 896 1825">
     <span class='ocr_line' id='line_1_25' title="bbox 198 1774 896 1825; baseline -0.006 -13"><span class='ocrx_word' id='word_1_141' title='bbox 198 1780 418 1817; x_wconf 79' lang='lat' dir='ltr'>Prosilm‘sse,</span> <span class='ocrx_word' id='word_1_142' title='bbox 434 1775 610 1812; x_wconf 79' lang='lat' dir='ltr'>Hesiodus</span> <span class='ocrx_word' id='word_1_143' title='bbox 618 1802 628 1819; x_wconf 88' lang='lat'>,</span> <span class='ocrx_word' id='word_1_144' title='bbox 643 1778 753 1825; x_wconf 67' lang='grc' dir='ltr'>ἐξέθορε</span> <span class='ocrx_word' id='word_1_145' title='bbox 761 1802 771 1819; x_wconf 89' lang='grc'>,</span> <span class='ocrx_word' id='word_1_146' title='bbox 783 1774 878 1820; x_wconf 92' lang='lat' dir='ltr'>quod</span> <span class='ocrx_word' id='word_1_147' title='bbox 892 1774 896 1776; x_wconf 65' lang='grc'>’</span> 
     </span>
    </p>
   </div>
   <div class='ocr_carea' id='block_1_11' title="bbox 200 1825 881 2240">
    <p class='ocr_par' dir='ltr' id='par_1_12' title="bbox 200 1825 881 2240">
     <span class='ocr_line' id='line_1_26' title="bbox 200 1825 878 1864; baseline -0.006 0"><span class='ocrx_word' id='word_1_148' title='bbox 200 1829 327 1864; x_wconf 88' lang='lat' dir='ltr'>deinde</span> <span class='ocrx_word' id='word_1_149' title='bbox 342 1836 378 1863; x_wconf 90' lang='lat' dir='ltr'>et</span> <span class='ocrx_word' id='word_1_150' title='bbox 394 1829 449 1863; x_wconf 82' lang='lat' dir='ltr'>alii</span> <span class='ocrx_word' id='word_1_151' title='bbox 463 1834 657 1863; x_wconf 82' lang='lat' dir='ltr'>servarunt.</span> <span class='ocrx_word' id='word_1_152' title='bbox 679 1827 734 1862; x_wconf 85' lang='lat' dir='ltr'>Eo</span> <span class='ocrx_word' id='word_1_153' title='bbox 757 1840 776 1861; x_wconf 90' lang='lat' dir='ltr'>a</span> <span class='ocrx_word' id='word_1_154' title='bbox 796 1825 878 1860; x_wconf 87' lang='lat' dir='ltr'>Mi-</span> 
     </span>
     <span class='ocr_line' id='line_1_27' title="bbox 200 1878 879 1925; baseline -0.003 -10"><span class='ocrx_word' id='word_1_155' title='bbox 200 1893 308 1915; x_wconf 81' lang='lat' dir='ltr'>nerva</span> <span class='ocrx_word' id='word_1_156' title='bbox 318 1886 456 1925; x_wconf 87' lang='lat' dir='ltr'>accepto</span> <span class='ocrx_word' id='word_1_157' title='bbox 470 1878 705 1925; x_wconf 79' lang='lat' dir='ltr'>Bellerophon</span> <span class='ocrx_word' id='word_1_158' title='bbox 716 1878 879 1913; x_wconf 84' lang='lat' dir='ltr'>adversus</span> 
     </span>
     <span class='ocr_line' id='line_1_28' title="bbox 204 1929 880 1967; baseline -0.003 -1"><span class='ocrx_word' id='word_1_159' title='bbox 204 1932 419 1967; x_wconf 75' lang='lat' dir='ltr'>Chimaeram</span> <span class='ocrx_word' id='word_1_160' title='bbox 436 1938 555 1966; x_wconf 84' lang='lat' dir='ltr'>vectus</span> <span class='ocrx_word' id='word_1_161' title='bbox 570 1938 632 1966; x_wconf 89' lang='lat' dir='ltr'>est.</span> <span class='ocrx_word' id='word_1_162' title='bbox 654 1929 743 1965; x_wconf 88' lang='lat' dir='ltr'>Inde</span> <span class='ocrx_word' id='word_1_163' title='bbox 767 1930 880 1965; x_wconf 82' lang='lat' dir='ltr'>victor</span> 
     </span>
     <span class='ocr_line' id='line_1_29' title="bbox 201 1981 879 2029; baseline -0.006 -10"><span class='ocrx_word' id='word_1_164' title='bbox 201 1995 382 2026; x_wconf 81' lang='lat' dir='ltr'>reversus,</span> <span class='ocrx_word' id='word_1_165' title='bbox 399 1995 508 2029; x_wconf 85' lang='lat' dir='ltr'>quum</span> <span class='ocrx_word' id='word_1_166' title='bbox 529 1982 572 2017; x_wconf 84' lang='lat' dir='ltr'>ad</span> <span class='ocrx_word' id='word_1_167' title='bbox 594 1981 717 2017; x_wconf 78' lang='lat' dir='ltr'>oelum</span> <span class='ocrx_word' id='word_1_168' title='bbox 742 1982 879 2016; x_wconf 81' lang='lat' dir='ltr'>evolare</span> 
     </span>
     <span class='ocr_line' id='line_1_30' title="bbox 202 2033 881 2080; baseline -0.007 -8"><span class='ocrx_word' id='word_1_169' title='bbox 202 2035 432 2072; x_wconf 75' lang='lat' dir='ltr'>contenderet</span> <span class='ocrx_word' id='word_1_170' title='bbox 442 2061 451 2078; x_wconf 91' lang='lat'><em>,</em></span> <span class='ocrx_word' id='word_1_171' title='bbox 469 2035 619 2080; x_wconf 78' lang='lat' dir='ltr'>Pegasus</span> <span class='ocrx_word' id='word_1_172' title='bbox 629 2046 648 2067; x_wconf 89' lang='lat' dir='ltr'>a</span> <span class='ocrx_word' id='word_1_173' title='bbox 659 2033 748 2068; x_wconf 85' lang='lat' dir='ltr'>Jove</span> <span class='ocrx_word' id='word_1_174' title='bbox 763 2033 881 2068; x_wconf 84' lang='lat' dir='ltr'>irrita-</span> 
     </span>
     <span class='ocr_line' id='line_1_31' title="bbox 202 2086 881 2133; baseline -0.007 -9"><span class='ocrx_word' id='word_1_175' title='bbox 202 2098 257 2124; x_wconf 91' lang='lat' dir='ltr'>tus</span> <span class='ocrx_word' id='word_1_176' title='bbox 270 2116 280 2133; x_wconf 91' lang='lat'>,</span> <span class='ocrx_word' id='word_1_177' title='bbox 298 2096 402 2123; x_wconf 64' lang='lat' dir='ltr'>miro</span> <span class='ocrx_word' id='word_1_178' title='bbox 417 2087 573 2122; x_wconf 79' lang='lat' dir='ltr'>immisso</span> <span class='ocrx_word' id='word_1_179' title='bbox 584 2113 594 2130; x_wconf 87' lang='lat'>,</span> <span class='ocrx_word' id='word_1_180' title='bbox 612 2087 757 2121; x_wconf 82' lang='lat' dir='ltr'>excussit</span> <span class='ocrx_word' id='word_1_181' title='bbox 771 2086 881 2132; x_wconf 88' lang='lat' dir='ltr'>equi—</span> 
     </span>
     <span class='ocr_line' id='line_1_32' title="bbox 202 2138 881 2184; baseline -0.007 -8"><span class='ocrx_word' id='word_1_182' title='bbox 202 2149 295 2183; x_wconf 86' lang='lat' dir='ltr'>tem;</span> <span class='ocrx_word' id='word_1_183' title='bbox 309 2139 643 2181; x_wconf 84' lang='lat' dir='ltr'>Pindar.1sthm.Z‚</span> <span class='ocrx_word' id='word_1_184' title='bbox 654 2138 698 2173; x_wconf 80' lang='lat'>60</span> <span class='ocrx_word' id='word_1_185' title='bbox 709 2150 772 2183; x_wconf 85' lang='lat' dir='ltr'>sqq</span> <span class='ocrx_word' id='word_1_186' title='bbox 785 2151 794 2179; x_wconf 91' lang='lat'>;</span> <span class='ocrx_word' id='word_1_187' title='bbox 807 2138 881 2184; x_wconf 81' lang='lat' dir='ltr'>Hy-</span> 
     </span>
     <span class='ocr_line' id='line_1_33' title="bbox 203 2191 879 2240; baseline -0.006 -12"><span class='ocrx_word' id='word_1_188' title='bbox 203 2194 324 2240; x_wconf 88' lang='lat' dir='ltr'>ginus,</span> <span class='ocrx_word' id='word_1_189' title='bbox 345 2193 438 2228; x_wconf 88' lang='lat' dir='ltr'>dicto</span> <span class='ocrx_word' id='word_1_190' title='bbox 458 2193 543 2228; x_wconf 88' lang='lat' dir='ltr'>loco.</span> <span class='ocrx_word' id='word_1_191' title='bbox 566 2192 662 2227; x_wconf 86' lang='lat' dir='ltr'>Hinc</span> <span class='ocrx_word' id='word_1_192' title='bbox 689 2191 879 2234; x_wconf 82' lang='lat' dir='ltr'>Horatius,</span> 
     </span>
    </p>
   </div>
   <div class='ocr_carea' id='block_1_12' title="bbox 206 2244 892 2290">
    <p class='ocr_par' dir='ltr' id='par_1_13' title="bbox 206 2244 892 2290">
     <span class='ocr_line' id='line_1_34' title="bbox 206 2244 892 2290; baseline -0.004 -10"><span class='ocrx_word' id='word_1_193' title='bbox 206 2246 259 2280; x_wconf 83' lang='lat' dir='ltr'>lv</span> <span class='ocrx_word' id='word_1_194' title='bbox 272 2271 282 2289; x_wconf 89' lang='lat'><strong>‚</strong></span> <span class='ocrx_word' id='word_1_195' title='bbox 294 2244 366 2280; x_wconf 83' lang='lat' dir='ltr'>od.</span> <span class='ocrx_word' id='word_1_196' title='bbox 383 2256 441 2288; x_wconf 64' lang='grc' dir='ltr'>ιι,</span> <span class='ocrx_word' id='word_1_197' title='bbox 460 2259 520 2290; x_wconf 79' lang='lat'>27,</span> <span class='ocrx_word' id='word_1_198' title='bbox 540 2259 557 2274; x_wconf 74' lang='grc' dir='ltr'><strong><em>κ</em></strong></span> <span class='ocrx_word' id='word_1_199' title='bbox 575 2244 643 2278; x_wconf 87' lang='lat' dir='ltr'>ales</span> <span class='ocrx_word' id='word_1_200' title='bbox 652 2244 803 2289; x_wconf 84' lang='lat' dir='ltr'>Pegasus</span> <span class='ocrx_word' id='word_1_201' title='bbox 815 2250 892 2289; x_wconf 29' lang='lat' dir='ltr'>ter·-</span> 
     </span>
    </p>
   </div>
   <div class='ocr_carea' id='block_1_13' title="bbox 200 2297 884 2754">
    <p class='ocr_par' dir='ltr' id='par_1_14' title="bbox 200 2297 884 2754">
     <span class='ocr_line' id='line_1_35' title="bbox 206 2297 884 2342; baseline -0.001 -11"><span class='ocrx_word' id='word_1_202' title='bbox 206 2312 224 2327; x_wconf 71' lang='grc' dir='ltr'>»ι</span> <span class='ocrx_word' id='word_1_203' title='bbox 238 2309 366 2331; x_wconf 86' lang='lat' dir='ltr'>renum</span> <span class='ocrx_word' id='word_1_204' title='bbox 382 2297 536 2342; x_wconf 81' lang='lat' dir='ltr'>equitem</span> <span class='ocrx_word' id='word_1_205' title='bbox 547 2303 715 2342; x_wconf 84' lang='lat' dir='ltr'>gravatus.</span> <span class='ocrx_word' id='word_1_206' title='bbox 726 2297 884 2339; x_wconf 72' lang='lat' dir='ltr'>»-Lap-</span> 
     </span>
     <span class='ocr_line' id='line_1_36' title="bbox 204 2349 880 2394; baseline 0 -11"><span class='ocrx_word' id='word_1_207' title='bbox 204 2363 256 2389; x_wconf 87' lang='lat' dir='ltr'>so,</span> <span class='ocrx_word' id='word_1_208' title='bbox 270 2350 429 2384; x_wconf 86' lang='lat' dir='ltr'>celeriter</span> <span class='ocrx_word' id='word_1_209' title='bbox 438 2349 880 2394; x_wconf 70' lang='lat' dir='ltr'>evecta—Hippocrenen,</span> 
     </span>
     <span class='ocr_line' id='line_1_37' title="bbox 203 2401 876 2445; baseline 0 -11"><span class='ocrx_word' id='word_1_210' title='bbox 203 2401 339 2435; x_wconf 78' lang='lat' dir='ltr'>sontem</span> <span class='ocrx_word' id='word_1_211' title='bbox 354 2401 391 2436; x_wconf 86' lang='lat' dir='ltr'>in</span> <span class='ocrx_word' id='word_1_212' title='bbox 408 2401 593 2445; x_wconf 83' lang='lat' dir='ltr'>Helicone,</span> <span class='ocrx_word' id='word_1_213' title='bbox 603 2408 726 2435; x_wconf 87' lang='lat' dir='ltr'>monte</span> <span class='ocrx_word' id='word_1_214' title='bbox 738 2401 876 2442; x_wconf 62' lang='lat' dir='ltr'>Aomir,</span> 
     </span>
     <span class='ocr_line' id='line_1_38' title="bbox 207 2452 884 2496; baseline 0 -10"><span class='ocrx_word' id='word_1_215' title='bbox 207 2452 243 2487; x_wconf 88' lang='lat' dir='ltr'>id</span> <span class='ocrx_word' id='word_1_216' title='bbox 254 2460 305 2487; x_wconf 89' lang='lat' dir='ltr'>est</span> <span class='ocrx_word' id='word_1_217' title='bbox 314 2453 472 2496; x_wconf 68' lang='lat' dir='ltr'>Baeotiae,</span> <span class='ocrx_word' id='word_1_218' title='bbox 482 2453 629 2488; x_wconf 82' lang='lat' dir='ltr'>Metam.</span> <span class='ocrx_word' id='word_1_219' title='bbox 643 2453 722 2488; x_wconf 89' lang='lat' dir='ltr'>dict.</span> <span class='ocrx_word' id='word_1_220' title='bbox 739 2453 801 2487; x_wconf 89' lang='lat' dir='ltr'>loc.</span> <span class='ocrx_word' id='word_1_221' title='bbox 815 2452 884 2486; x_wconf 90' lang='lat' dir='ltr'>du-</span> 
     </span>
     <span class='ocr_line' id='line_1_39' title="bbox 209 2505 884 2551; baseline 0.003 -13"><span class='ocrx_word' id='word_1_222' title='bbox 209 2518 247 2538; x_wconf 83' lang='lat' dir='ltr'>ra</span> <span class='ocrx_word' id='word_1_223' title='bbox 263 2505 393 2551; x_wconf 85' lang='lat' dir='ltr'>ungula</span> <span class='ocrx_word' id='word_1_224' title='bbox 406 2509 511 2550; x_wconf 70' lang='lat' dir='ltr'>rupit,</span> <span class='ocrx_word' id='word_1_225' title='bbox 534 2505 601 2540; x_wconf 85' lang='lat' dir='ltr'>hoc</span> <span class='ocrx_word' id='word_1_226' title='bbox 617 2505 693 2539; x_wconf 88' lang='lat' dir='ltr'>loco</span> <span class='ocrx_word' id='word_1_227' title='bbox 704 2505 809 2549; x_wconf 78' lang='lat' dir='ltr'>fodit.</span> <span class='ocrx_word' id='word_1_228' title='bbox 825 2505 884 2540; x_wconf 80' lang='lat' dir='ltr'>Sic</span> 
     </span>
     <span class='ocr_line' id='line_1_40' title="bbox 210 2556 883 2601; baseline 0 -11"><span class='ocrx_word' id='word_1_229' title='bbox 210 2556 316 2591; x_wconf 88' lang='lat' dir='ltr'>etiam</span> <span class='ocrx_word' id='word_1_230' title='bbox 331 2556 439 2591; x_wconf 81' lang='lat' dir='ltr'>Rutil.</span> <span class='ocrx_word' id='word_1_231' title='bbox 462 2557 543 2591; x_wconf 86' lang='lat' dir='ltr'>ltin.</span> <span class='ocrx_word' id='word_1_232' title='bbox 559 2557 598 2601; x_wconf 84' lang='lat' dir='ltr'>I,</span> <span class='ocrx_word' id='word_1_233' title='bbox 615 2557 680 2600; x_wconf 79' lang='lat'>264</span> <span class='ocrx_word' id='word_1_234' title='bbox 697 2571 704 2591; x_wconf 91' lang='lat'>:</span> <span class='ocrx_word' id='word_1_235' title='bbox 724 2571 743 2586; x_wconf 73' lang='grc' dir='ltr'><strong><em>κ</em></strong></span> <span class='ocrx_word' id='word_1_236' title='bbox 760 2557 883 2591; x_wconf 80' lang='lat' dir='ltr'>Musa—-</span> 
     </span>
     <span class='ocr_line' id='line_1_41' title="bbox 211 2607 882 2655; baseline -0.001 -13"><span class='ocrx_word' id='word_1_237' title='bbox 211 2623 229 2637; x_wconf 78' lang='lat'>›·</span> <span class='ocrx_word' id='word_1_238' title='bbox 240 2620 321 2642; x_wconf 87' lang='lat' dir='ltr'>rum</span> <span class='ocrx_word' id='word_1_239' title='bbox 336 2614 374 2642; x_wconf 90' lang='lat' dir='ltr'>ut</span> <span class='ocrx_word' id='word_1_240' title='bbox 389 2607 504 2643; x_wconf 84' lang='lat' dir='ltr'>latices</span> <span class='ocrx_word' id='word_1_241' title='bbox 517 2608 646 2655; x_wconf 86' lang='lat' dir='ltr'>ungula</span> <span class='ocrx_word' id='word_1_242' title='bbox 660 2607 748 2643; x_wconf 88' lang='lat' dir='ltr'>sodit</span> <span class='ocrx_word' id='word_1_243' title='bbox 763 2608 854 2654; x_wconf 88' lang='lat' dir='ltr'>equi.</span> <span class='ocrx_word' id='word_1_244' title='bbox 864 2623 882 2638; x_wconf 75' lang='grc' dir='ltr'>ιι</span> 
     </span>
     <span class='ocr_line' id='line_1_42' title="bbox 212 2657 884 2695; baseline 0.001 -2"><span class='ocrx_word' id='word_1_245' title='bbox 212 2659 335 2693; x_wconf 69' lang='lat' dir='ltr'>Plures</span> <span class='ocrx_word' id='word_1_246' title='bbox 349 2657 447 2694; x_wconf 87' lang='lat' dir='ltr'>MSS</span> <span class='ocrx_word' id='word_1_247' title='bbox 458 2671 500 2693; x_wconf 78' lang='lat' dir='ltr'>ex</span> <span class='ocrx_word' id='word_1_248' title='bbox 513 2659 713 2695; x_wconf 86' lang='lat' dir='ltr'>melioribus</span> <span class='ocrx_word' id='word_1_249' title='bbox 725 2659 790 2694; x_wconf 88' lang='lat' dir='ltr'>hoc</span> <span class='ocrx_word' id='word_1_250' title='bbox 807 2660 884 2694; x_wconf 87' lang='lat' dir='ltr'>loco</span> 
     </span>
     <span class='ocr_line' id='line_1_43' title="bbox 200 2709 883 2754; baseline 0.001 -11"><span class='ocrx_word' id='word_1_251' title='bbox 200 2709 317 2752; x_wconf 80' lang='lat' dir='ltr'>fudit,</span> <span class='ocrx_word' id='word_1_252' title='bbox 340 2709 433 2754; x_wconf 85' lang='lat' dir='ltr'>quod</span> <span class='ocrx_word' id='word_1_253' title='bbox 448 2710 560 2745; x_wconf 76' lang='lat' dir='ltr'>multo</span> <span class='ocrx_word' id='word_1_254' title='bbox 575 2711 702 2746; x_wconf 78' lang='lat' dir='ltr'>rectius</span> <span class='ocrx_word' id='word_1_255' title='bbox 726 2710 768 2746; x_wconf 89' lang='lat' dir='ltr'>de</span> <span class='ocrx_word' id='word_1_256' title='bbox 791 2718 883 2746; x_wconf 83' lang='lat' dir='ltr'>terra</span> 
     </span>
    </p>
   </div>
   <div class='ocr_carea' id='block_1_14' title="bbox 1552 1073 1619 1116">
    <p class='ocr_par' dir='ltr' id='par_1_15' title="bbox 1552 1073 1619 1116">
     <span class='ocr_line' id='line_1_44' title="bbox 1552 1073 1619 1116; baseline 0 -9"><span class='ocrx_word' id='word_1_257' title='bbox 1552 1073 1619 1116; x_wconf 72' lang='lat'>460</span> 
     </span>
    </p>
   </div>
   <div class='ocr_carea' id='block_1_15' title="bbox 936 1199 1627 2760">
    <p class='ocr_par' dir='ltr' id='par_1_16' title="bbox 936 1199 1627 1761">
     <span class='ocr_line' id='line_1_45' title="bbox 937 1199 1624 1247; baseline 0 -12"><span class='ocrx_word' id='word_1_258' title='bbox 937 1213 1065 1246; x_wconf 82' lang='lat' dir='ltr'>aquam</span> <span class='ocrx_word' id='word_1_259' title='bbox 1087 1201 1272 1236; x_wconf 85' lang='lat' dir='ltr'>emittente</span> <span class='ocrx_word' id='word_1_260' title='bbox 1295 1199 1481 1235; x_wconf 85' lang='lat' dir='ltr'>diceretur.</span> <span class='ocrx_word' id='word_1_261' title='bbox 1498 1200 1624 1247; x_wconf 80' lang='lat' dir='ltr'>Virgi-</span> 
     </span>
     <span class='ocr_line' id='line_1_46' title="bbox 936 1252 1622 1299; baseline 0 -11"><span class='ocrx_word' id='word_1_262' title='bbox 936 1254 1002 1288; x_wconf 85' lang='lat' dir='ltr'>lius</span> <span class='ocrx_word' id='word_1_263' title='bbox 1015 1280 1024 1297; x_wconf 87' lang='lat'>‚</span> <span class='ocrx_word' id='word_1_264' title='bbox 1043 1252 1173 1299; x_wconf 80' lang='lat' dir='ltr'>Georg.</span> <span class='ocrx_word' id='word_1_265' title='bbox 1186 1253 1203 1288; x_wconf 83' lang='lat'>1</span> <span class='ocrx_word' id='word_1_266' title='bbox 1213 1279 1224 1295; x_wconf 87' lang='lat'>,</span> <span class='ocrx_word' id='word_1_267' title='bbox 1245 1267 1283 1287; x_wconf 73' lang='grc' dir='ltr'>υ</span> <span class='ocrx_word' id='word_1_268' title='bbox 1296 1279 1307 1296; x_wconf 85' lang='grc'><strong>,</strong></span> <span class='ocrx_word' id='word_1_269' title='bbox 1324 1267 1343 1283; x_wconf 70' lang='grc' dir='ltr'><strong>α</strong></span> <span class='ocrx_word' id='word_1_270' title='bbox 1354 1253 1410 1288; x_wconf 88' lang='lat' dir='ltr'>cui</span> <span class='ocrx_word' id='word_1_271' title='bbox 1424 1252 1538 1298; x_wconf 89' lang='lat' dir='ltr'>prima</span> <span class='ocrx_word' id='word_1_272' title='bbox 1549 1254 1622 1289; x_wconf 87' lang='lat' dir='ltr'>sre-</span> 
     </span>
     <span class='ocr_line' id='line_1_47' title="bbox 942 1305 1623 1352; baseline 0.007 -15"><span class='ocrx_word' id='word_1_273' title='bbox 942 1321 961 1337; x_wconf 80' lang='lat'><strong>»</strong></span> <span class='ocrx_word' id='word_1_274' title='bbox 977 1313 1137 1341; x_wconf 87' lang='lat' dir='ltr'>mentem</span> <span class='ocrx_word' id='word_1_275' title='bbox 1150 1305 1257 1340; x_wconf 81' lang='lat' dir='ltr'>Fudit</span> <span class='ocrx_word' id='word_1_276' title='bbox 1270 1318 1403 1351; x_wconf 88' lang='lat' dir='ltr'>equum</span> <span class='ocrx_word' id='word_1_277' title='bbox 1413 1318 1544 1352; x_wconf 80' lang='lat' dir='ltr'>magno</span> <span class='ocrx_word' id='word_1_278' title='bbox 1556 1307 1623 1342; x_wconf 84' lang='lat' dir='ltr'>tel-</span> 
     </span>
     <span class='ocr_line' id='line_1_48' title="bbox 938 1358 1623 1405; baseline 0.004 -12"><span class='ocrx_word' id='word_1_279' title='bbox 938 1374 957 1390; x_wconf 83' lang='lat'><strong>»</strong></span> <span class='ocrx_word' id='word_1_280' title='bbox 972 1358 1026 1394; x_wconf 86' lang='lat' dir='ltr'>lus</span> <span class='ocrx_word' id='word_1_281' title='bbox 1038 1372 1199 1405; x_wconf 75' lang='lat' dir='ltr'>percussa</span> <span class='ocrx_word' id='word_1_282' title='bbox 1211 1358 1375 1394; x_wconf 84' lang='lat' dir='ltr'>tridente.</span> <span class='ocrx_word' id='word_1_283' title='bbox 1394 1375 1411 1390; x_wconf 65' lang='grc' dir='ltr'><strong><em>κ</em></strong></span> <span class='ocrx_word' id='word_1_284' title='bbox 1425 1360 1623 1396; x_wconf 77' lang='lat' dir='ltr'>Similiter-</span> 
     </span>
     <span class='ocr_line' id='line_1_49' title="bbox 945 1412 1626 1459; baseline 0.004 -11"><span class='ocrx_word' id='word_1_285' title='bbox 945 1425 1014 1458; x_wconf 86' lang='lat' dir='ltr'>que</span> <span class='ocrx_word' id='word_1_286' title='bbox 1026 1413 1063 1446; x_wconf 87' lang='lat' dir='ltr'>in</span> <span class='ocrx_word' id='word_1_287' title='bbox 1080 1412 1144 1448; x_wconf 81' lang='lat' dir='ltr'>hac</span> <span class='ocrx_word' id='word_1_288' title='bbox 1155 1413 1228 1459; x_wconf 85' lang='lat' dir='ltr'>ipsa</span> <span class='ocrx_word' id='word_1_289' title='bbox 1243 1426 1282 1447; x_wconf 86' lang='lat' dir='ltr'>re</span> <span class='ocrx_word' id='word_1_290' title='bbox 1294 1412 1453 1449; x_wconf 85' lang='lat' dir='ltr'>adhibuit</span> <span class='ocrx_word' id='word_1_291' title='bbox 1467 1414 1626 1452; x_wconf 74' lang='lat' dir='ltr'>Avienus</span> 
     </span>
     <span class='ocr_line' id='line_1_50' title="bbox 938 1463 1622 1514; baseline 0.007 -16"><span class='ocrx_word' id='word_1_292' title='bbox 938 1463 976 1498; x_wconf 85' lang='lat' dir='ltr'>in</span> <span class='ocrx_word' id='word_1_293' title='bbox 996 1463 1098 1499; x_wconf 76' lang='lat' dir='ltr'>Arati</span> <span class='ocrx_word' id='word_1_294' title='bbox 1114 1463 1237 1499; x_wconf 82' lang='lat' dir='ltr'>Phaen.</span> <span class='ocrx_word' id='word_1_295' title='bbox 1256 1464 1383 1510; x_wconf 87' lang='lat' dir='ltr'>Equo,</span> <span class='ocrx_word' id='word_1_296' title='bbox 1403 1480 1422 1495; x_wconf 71' lang='grc' dir='ltr'><strong>α</strong></span> <span class='ocrx_word' id='word_1_297' title='bbox 1439 1479 1622 1514; x_wconf 83' lang='lat' dir='ltr'>cornuque</span> 
     </span>
     <span class='ocr_line' id='line_1_51' title="bbox 940 1516 1620 1564; baseline 0.007 -14"><span class='ocrx_word' id='word_1_298' title='bbox 940 1530 959 1546; x_wconf 74' lang='grc' dir='ltr'>ιο</span> <span class='ocrx_word' id='word_1_299' title='bbox 975 1516 1083 1551; x_wconf 83' lang='lat' dir='ltr'>excita</span> <span class='ocrx_word' id='word_1_300' title='bbox 1099 1524 1245 1562; x_wconf 84' lang='lat' dir='ltr'>repente</span> <span class='ocrx_word' id='word_1_301' title='bbox 1264 1516 1425 1564; x_wconf 84' lang='lat' dir='ltr'>Lympha</span> <span class='ocrx_word' id='word_1_302' title='bbox 1440 1517 1620 1555; x_wconf 82' lang='lat' dir='ltr'>Camena-</span> 
     </span>
     <span class='ocr_line' id='line_1_52' title="bbox 940 1566 1620 1615; baseline 0.003 -14"><span class='ocrx_word' id='word_1_303' title='bbox 940 1566 1045 1602; x_wconf 84' lang='lat' dir='ltr'>»lem</span> <span class='ocrx_word' id='word_1_304' title='bbox 1069 1567 1161 1603; x_wconf 80' lang='lat' dir='ltr'>fudit</span> <span class='ocrx_word' id='word_1_305' title='bbox 1180 1567 1299 1614; x_wconf 88' lang='lat' dir='ltr'>procul</span> <span class='ocrx_word' id='word_1_306' title='bbox 1317 1568 1579 1615; x_wconf 83' lang='lat' dir='ltr'>Hippocrenen.</span> <span class='ocrx_word' id='word_1_307' title='bbox 1601 1587 1620 1603; x_wconf 66' lang='lat' dir='ltr'><strong><em>n</em></strong></span> 
     </span>
     <span class='ocr_line' id='line_1_53' title="bbox 941 1620 1627 1671; baseline 0.009 -16"><span class='ocrx_word' id='word_1_308' title='bbox 941 1620 1049 1656; x_wconf 89' lang='lat' dir='ltr'>Sidus</span> <span class='ocrx_word' id='word_1_309' title='bbox 1062 1634 1135 1657; x_wconf 82' lang='lat' dir='ltr'>esse</span> <span class='ocrx_word' id='word_1_310' title='bbox 1147 1622 1245 1667; x_wconf 76' lang='lat' dir='ltr'>jussit</span> <span class='ocrx_word' id='word_1_311' title='bbox 1254 1621 1405 1666; x_wconf 87' lang='lat' dir='ltr'>Jupiter.</span> <span class='ocrx_word' id='word_1_312' title='bbox 1416 1641 1462 1650; x_wconf 93' lang='lat'>—-</span> <span class='ocrx_word' id='word_1_313' title='bbox 1476 1626 1627 1671; x_wconf 76' lang='lat' dir='ltr'>Quinque</span> 
     </span>
     <span class='ocr_line' id='line_1_54' title="bbox 940 1673 1626 1720; baseline 0.007 -13"><span class='ocrx_word' id='word_1_314' title='bbox 940 1676 1123 1718; x_wconf 77' lang='lat' dir='ltr'>decemque.</span> <span class='ocrx_word' id='word_1_315' title='bbox 1147 1673 1265 1708; x_wconf 87' lang='lat' dir='ltr'>Hodie</span> <span class='ocrx_word' id='word_1_316' title='bbox 1281 1673 1325 1720; x_wconf 83' lang='lat'>89</span> <span class='ocrx_word' id='word_1_317' title='bbox 1339 1673 1446 1709; x_wconf 67' lang='lat' dir='ltr'>stelle</span> <span class='ocrx_word' id='word_1_318' title='bbox 1460 1675 1497 1710; x_wconf 85' lang='lat' dir='ltr'>in</span> <span class='ocrx_word' id='word_1_319' title='bbox 1513 1689 1557 1711; x_wconf 89' lang='lat' dir='ltr'>eo</span> <span class='ocrx_word' id='word_1_320' title='bbox 1575 1677 1626 1712; x_wconf 89' lang='lat' dir='ltr'>si·-</span> 
     </span>
     <span class='ocr_line' id='line_1_55' title="bbox 942 1725 1289 1761; baseline 0.003 -2"><span class='ocrx_word' id='word_1_321' title='bbox 942 1725 1026 1760; x_wconf 87' lang='lat' dir='ltr'>dere</span> <span class='ocrx_word' id='word_1_322' title='bbox 1043 1733 1289 1761; x_wconf 87' lang='lat' dir='ltr'>numerantur.</span> 
     </span>
    </p>

    <p class='ocr_par' dir='ltr' id='par_1_17' title="bbox 940 1777 1627 2760">
     <span class='ocr_line' id='line_1_56' title="bbox 986 1777 1624 1825; baseline 0.008 -14"><span class='ocrx_word' id='word_1_323' title='bbox 986 1778 1173 1825; x_wconf 74' lang='grc'>459-516,</span> <span class='ocrx_word' id='word_1_324' title='bbox 1190 1777 1260 1813; x_wconf 88' lang='lat' dir='ltr'>Die</span> <span class='ocrx_word' id='word_1_325' title='bbox 1276 1785 1398 1814; x_wconf 79' lang='lat' dir='ltr'>octavo</span> <span class='ocrx_word' id='word_1_326' title='bbox 1410 1806 1421 1824; x_wconf 89' lang='lat'>‚</span> <span class='ocrx_word' id='word_1_327' title='bbox 1437 1779 1509 1815; x_wconf 82' lang='lat' dir='ltr'>sive</span> <span class='ocrx_word' id='word_1_328' title='bbox 1527 1780 1624 1816; x_wconf 82' lang='lat' dir='ltr'>VIII</span> 
     </span>
     <span class='ocr_line' id='line_1_57' title="bbox 943 1829 1623 1876; baseline 0.007 -12"><span class='ocrx_word' id='word_1_329' title='bbox 943 1829 1044 1873; x_wconf 83' lang='lat' dir='ltr'>Idus,</span> <span class='ocrx_word' id='word_1_330' title='bbox 1061 1837 1154 1865; x_wconf 83' lang='lat' dir='ltr'>ortus</span> <span class='ocrx_word' id='word_1_331' title='bbox 1172 1833 1307 1866; x_wconf 77' lang='lat' dir='ltr'>Corone</span> <span class='ocrx_word' id='word_1_332' title='bbox 1318 1835 1533 1876; x_wconf 59' lang='lat' dir='ltr'>vespertinus.</span> <span class='ocrx_word' id='word_1_333' title='bbox 1545 1834 1623 1870; x_wconf 86' lang='lat' dir='ltr'>Hu-</span> 
     </span>
     <span class='ocr_line' id='line_1_58' title="bbox 940 1881 1622 1930; baseline 0.009 -14"><span class='ocrx_word' id='word_1_334' title='bbox 940 1882 997 1926; x_wconf 79' lang='lat' dir='ltr'>jus</span> <span class='ocrx_word' id='word_1_335' title='bbox 1005 1881 1126 1918; x_wconf 86' lang='lat' dir='ltr'>sideris</span> <span class='ocrx_word' id='word_1_336' title='bbox 1135 1883 1322 1929; x_wconf 84' lang='lat' dir='ltr'>originem,</span> <span class='ocrx_word' id='word_1_337' title='bbox 1333 1884 1535 1930; x_wconf 82' lang='lat' dir='ltr'>quamvln</span> <span class='ocrx_word' id='word_1_338' title='bbox 1544 1885 1622 1922; x_wconf 86' lang='lat' dir='ltr'>Me-</span> 
     </span>
     <span class='ocr_line' id='line_1_59' title="bbox 941 1935 1621 1983; baseline 0.007 -15"><span class='ocrx_word' id='word_1_339' title='bbox 941 1940 1025 1968; x_wconf 80' lang='lat' dir='ltr'>tam.</span> <span class='ocrx_word' id='word_1_340' title='bbox 1052 1936 1165 1979; x_wconf 79' lang='lat'>175—</span> <span class='ocrx_word' id='word_1_341' title='bbox 1178 1935 1239 1970; x_wconf 80' lang='lat'>182</span> <span class='ocrx_word' id='word_1_342' title='bbox 1262 1936 1417 1971; x_wconf 78' lang='lat' dir='ltr'>breviter</span> <span class='ocrx_word' id='word_1_343' title='bbox 1440 1938 1597 1973; x_wconf 78' lang='lat' dir='ltr'>narravit</span> <span class='ocrx_word' id='word_1_344' title='bbox 1609 1965 1621 1983; x_wconf 87' lang='lat'>,</span> 
     </span>
     <span class='ocr_line' id='line_1_60' title="bbox 942 1985 1624 2033; baseline 0.01 -14"><span class='ocrx_word' id='word_1_345' title='bbox 942 1998 1038 2020; x_wconf 86' lang='lat' dir='ltr'>nunc</span> <span class='ocrx_word' id='word_1_346' title='bbox 1047 1985 1147 2021; x_wconf 88' lang='lat' dir='ltr'>latius</span> <span class='ocrx_word' id='word_1_347' title='bbox 1153 1988 1382 2033; x_wconf 85' lang='lat' dir='ltr'>persequitur.</span> <span class='ocrx_word' id='word_1_348' title='bbox 1393 1987 1537 2024; x_wconf 82' lang='lat' dir='ltr'>Confer.</span> <span class='ocrx_word' id='word_1_349' title='bbox 1546 1991 1624 2027; x_wconf 82' lang='lat' dir='ltr'>Art.</span> 
     </span>
     <span class='ocr_line' id='line_1_61' title="bbox 943 2037 1625 2084; baseline 0.01 -13"><span class='ocrx_word' id='word_1_350' title='bbox 943 2037 1061 2072; x_wconf 85' lang='lat' dir='ltr'>Amat.</span> <span class='ocrx_word' id='word_1_351' title='bbox 1084 2038 1101 2072; x_wconf 94' lang='lat'>1</span> <span class='ocrx_word' id='word_1_352' title='bbox 1114 2063 1126 2081; x_wconf 80' lang='grc'>,</span> <span class='ocrx_word' id='word_1_353' title='bbox 1156 2039 1314 2084; x_wconf 79' lang='grc' dir='ltr'><strong>53ι-564</strong></span> <span class='ocrx_word' id='word_1_354' title='bbox 1329 2054 1339 2082; x_wconf 89' lang='grc'><strong>;</strong></span> <span class='ocrx_word' id='word_1_355' title='bbox 1373 2040 1470 2076; x_wconf 83' lang='lat' dir='ltr'>Arat.</span> <span class='ocrx_word' id='word_1_356' title='bbox 1500 2042 1625 2078; x_wconf 75' lang='lat' dir='ltr'>Phaen.</span> 
     </span>
     <span class='ocr_line' id='line_1_62' title="bbox 946 2088 1626 2141; baseline 0.012 -19"><span class='ocrx_word' id='word_1_357' title='bbox 946 2101 984 2133; x_wconf 86' lang='lat'>7¹</span> <span class='ocrx_word' id='word_1_358' title='bbox 997 2103 1007 2130; x_wconf 86' lang='lat'><strong>;</strong></span> <span class='ocrx_word' id='word_1_359' title='bbox 1018 2088 1237 2136; x_wconf 78' lang='lat' dir='ltr'>Lactantius,</span> <span class='ocrx_word' id='word_1_360' title='bbox 1249 2092 1356 2127; x_wconf 84' lang='lat' dir='ltr'>instit.</span> <span class='ocrx_word' id='word_1_361' title='bbox 1367 2093 1386 2128; x_wconf 93' lang='lat'>1</span> <span class='ocrx_word' id='word_1_362' title='bbox 1395 2119 1405 2137; x_wconf 92' lang='lat'>,</span> <span class='ocrx_word' id='word_1_363' title='bbox 1421 2107 1480 2135; x_wconf 87' lang='grc' dir='ltr'>ιο;</span> <span class='ocrx_word' id='word_1_364' title='bbox 1500 2093 1626 2141; x_wconf 79' lang='lat' dir='ltr'>virgil.</span> 
     </span>
     <span class='ocr_line' id='line_1_63' title="bbox 944 2139 1626 2191; baseline 0.012 -17"><span class='ocrx_word' id='word_1_365' title='bbox 944 2139 1074 2186; x_wconf 81' lang='lat' dir='ltr'>Georg.</span> <span class='ocrx_word' id='word_1_366' title='bbox 1092 2141 1130 2185; x_wconf 89' lang='lat'>1,</span> <span class='ocrx_word' id='word_1_367' title='bbox 1147 2155 1222 2177; x_wconf 78' lang='lat'>222.</span> <span class='ocrx_word' id='word_1_368' title='bbox 1240 2143 1330 2179; x_wconf 66' lang='lat' dir='ltr'>Hac</span> <span class='ocrx_word' id='word_1_369' title='bbox 1345 2157 1485 2191; x_wconf 84' lang='lat' dir='ltr'>quoque</span> <span class='ocrx_word' id='word_1_370' title='bbox 1508 2145 1626 2182; x_wconf 76' lang='lat' dir='ltr'>sabula</span> 
     </span>
     <span class='ocr_line' id='line_1_64' title="bbox 944 2191 1626 2244; baseline 0.013 -19"><span class='ocrx_word' id='word_1_371' title='bbox 944 2191 1038 2226; x_wconf 77' lang='lat' dir='ltr'>varie</span> <span class='ocrx_word' id='word_1_372' title='bbox 1047 2192 1173 2228; x_wconf 81' lang='lat' dir='ltr'>tradita</span> <span class='ocrx_word' id='word_1_373' title='bbox 1183 2219 1194 2237; x_wconf 93' lang='lat'><em>,</em></span> <span class='ocrx_word' id='word_1_374' title='bbox 1206 2200 1248 2228; x_wconf 90' lang='lat' dir='ltr'>ut</span> <span class='ocrx_word' id='word_1_375' title='bbox 1257 2195 1311 2230; x_wconf 83' lang='lat' dir='ltr'>vel</span> <span class='ocrx_word' id='word_1_376' title='bbox 1322 2208 1364 2230; x_wconf 86' lang='lat' dir='ltr'>ex</span> <span class='ocrx_word' id='word_1_377' title='bbox 1379 2196 1514 2244; x_wconf 74' lang='lat' dir='ltr'>Hygini</span> <span class='ocrx_word' id='word_1_378' title='bbox 1530 2206 1626 2244; x_wconf 86' lang='lat' dir='ltr'>poet.</span> 
     </span>
     <span class='ocr_line' id='line_1_65' title="bbox 947 2243 1624 2295; baseline 0.015 -18"><span class='ocrx_word' id='word_1_379' title='bbox 947 2243 1150 2279; x_wconf 72' lang='lat' dir='ltr'>Astronom,</span> <span class='ocrx_word' id='word_1_380' title='bbox 1161 2245 1199 2280; x_wconf 94' lang='lat'>11</span> <span class='ocrx_word' id='word_1_381' title='bbox 1207 2271 1218 2289; x_wconf 90' lang='lat'>,</span> <span class='ocrx_word' id='word_1_382' title='bbox 1230 2248 1269 2290; x_wconf 83' lang='lat'>5,</span> <span class='ocrx_word' id='word_1_383' title='bbox 1280 2254 1385 2293; x_wconf 85' lang='lat' dir='ltr'>patet.</span> <span class='ocrx_word' id='word_1_384' title='bbox 1395 2249 1539 2284; x_wconf 83' lang='lat' dir='ltr'>Partem</span> <span class='ocrx_word' id='word_1_385' title='bbox 1548 2251 1624 2295; x_wconf 72' lang='lat' dir='ltr'>ejus</span> 
     </span>
     <span class='ocr_line' id='line_1_66' title="bbox 945 2295 1627 2347; baseline 0.013 -19"><span class='ocrx_word' id='word_1_386' title='bbox 945 2295 1100 2340; x_wconf 87' lang='lat' dir='ltr'>priorem</span> <span class='ocrx_word' id='word_1_387' title='bbox 1111 2321 1121 2340; x_wconf 89' lang='lat'><em>,</em></span> <span class='ocrx_word' id='word_1_388' title='bbox 1138 2309 1216 2342; x_wconf 80' lang='lat' dir='ltr'>quae</span> <span class='ocrx_word' id='word_1_389' title='bbox 1238 2296 1283 2332; x_wconf 88' lang='lat' dir='ltr'>ad</span> <span class='ocrx_word' id='word_1_390' title='bbox 1307 2300 1437 2335; x_wconf 75' lang='lat' dir='ltr'>Thesea</span> <span class='ocrx_word' id='word_1_391' title='bbox 1451 2302 1627 2347; x_wconf 83' lang='lat' dir='ltr'>pertinet,</span> 
     </span>
     <span class='ocr_line' id='line_1_67' title="bbox 946 2345 1627 2396; baseline 0.013 -17"><span class='ocrx_word' id='word_1_392' title='bbox 946 2345 1051 2381; x_wconf 83' lang='lat' dir='ltr'>habet</span> <span class='ocrx_word' id='word_1_393' title='bbox 1062 2346 1271 2394; x_wconf 67' lang='lat' dir='ltr'>Heroidx,</span> <span class='ocrx_word' id='word_1_394' title='bbox 1287 2361 1366 2394; x_wconf 77' lang='lat' dir='ltr'>quae</span> <span class='ocrx_word' id='word_1_395' title='bbox 1380 2351 1523 2396; x_wconf 88' lang='lat' dir='ltr'>epistola</span> <span class='ocrx_word' id='word_1_396' title='bbox 1532 2353 1627 2388; x_wconf 82' lang='lat' dir='ltr'>scri—</span> 
     </span>
     <span class='ocr_line' id='line_1_68' title="bbox 946 2398 1626 2445; baseline 0.016 -13"><span class='ocrx_word' id='word_1_397' title='bbox 946 2398 1160 2445; x_wconf 82' lang='lat' dir='ltr'>ptafingitur</span> <span class='ocrx_word' id='word_1_398' title='bbox 1167 2400 1209 2435; x_wconf 84' lang='lat' dir='ltr'>ab</span> <span class='ocrx_word' id='word_1_399' title='bbox 1221 2401 1376 2437; x_wconf 80' lang='lat' dir='ltr'>Ariadna</span> <span class='ocrx_word' id='word_1_400' title='bbox 1384 2403 1421 2437; x_wconf 89' lang='lat' dir='ltr'>in</span> <span class='ocrx_word' id='word_1_401' title='bbox 1429 2403 1529 2440; x_wconf 85' lang='lat' dir='ltr'>litore</span> <span class='ocrx_word' id='word_1_402' title='bbox 1536 2405 1626 2443; x_wconf 65' lang='lat' dir='ltr'>Dia.</span> 
     </span>
     <span class='ocr_line' id='line_1_69' title="bbox 947 2451 1625 2505; baseline 0.013 -20"><span class='ocrx_word' id='word_1_403' title='bbox 947 2469 991 2476; x_wconf 89' lang='lat'>—</span> <span class='ocrx_word' id='word_1_404' title='bbox 1015 2451 1147 2486; x_wconf 74' lang='lat' dir='ltr'>Corona</span> <span class='ocrx_word' id='word_1_405' title='bbox 1169 2459 1222 2487; x_wconf 86' lang='lat' dir='ltr'>est</span> <span class='ocrx_word' id='word_1_406' title='bbox 1242 2452 1336 2489; x_wconf 87' lang='lat' dir='ltr'>sidus</span> <span class='ocrx_word' id='word_1_407' title='bbox 1358 2453 1496 2492; x_wconf 78' lang='lat' dir='ltr'>boreale</span> <span class='ocrx_word' id='word_1_408' title='bbox 1515 2470 1625 2505; x_wconf 86' lang='lat' dir='ltr'>prope</span> 
     </span>
     <span class='ocr_line' id='line_1_70' title="bbox 948 2502 1627 2553; baseline 0.013 -18"><span class='ocrx_word' id='word_1_409' title='bbox 948 2502 1286 2538; x_wconf 66' lang='lat' dir='ltr'>nomem—Gnosis</span> <span class='ocrx_word' id='word_1_410' title='bbox 1295 2513 1452 2551; x_wconf 80' lang='lat' dir='ltr'>vocatur,</span> <span class='ocrx_word' id='word_1_411' title='bbox 1462 2509 1627 2553; x_wconf 77' lang='lat' dir='ltr'>quiaMi-</span> 
     </span>
     <span class='ocr_line' id='line_1_71' title="bbox 947 2554 1627 2604; baseline 0.015 -17"><span class='ocrx_word' id='word_1_412' title='bbox 947 2566 1012 2588; x_wconf 88' lang='lat' dir='ltr'>nos</span> <span class='ocrx_word' id='word_1_413' title='bbox 1023 2579 1034 2597; x_wconf 87' lang='lat'>‚</span> <span class='ocrx_word' id='word_1_414' title='bbox 1045 2561 1144 2599; x_wconf 86' lang='lat' dir='ltr'>pater</span> <span class='ocrx_word' id='word_1_415' title='bbox 1155 2554 1319 2591; x_wconf 71' lang='lat' dir='ltr'>Ariadnae</span> <span class='ocrx_word' id='word_1_416' title='bbox 1330 2583 1340 2600; x_wconf 93' lang='lat'>,</span> <span class='ocrx_word' id='word_1_417' title='bbox 1351 2571 1411 2592; x_wconf 84' lang='lat' dir='ltr'>rex</span> <span class='ocrx_word' id='word_1_418' title='bbox 1422 2558 1551 2604; x_wconf 79' lang='lat' dir='ltr'>Cretae,</span> <span class='ocrx_word' id='word_1_419' title='bbox 1562 2574 1627 2597; x_wconf 83' lang='lat' dir='ltr'>cu-</span> 
     </span>
     <span class='ocr_line' id='line_1_72' title="bbox 947 2607 1623 2660; baseline 0.013 -21"><span class='ocrx_word' id='word_1_420' title='bbox 947 2607 1003 2651; x_wconf 82' lang='lat' dir='ltr'>jus</span> <span class='ocrx_word' id='word_1_421' title='bbox 1012 2607 1094 2640; x_wconf 85' lang='lat' dir='ltr'>urbs</span> <span class='ocrx_word' id='word_1_422' title='bbox 1107 2607 1252 2641; x_wconf 77' lang='lat' dir='ltr'>Gnosus.</span> <span class='ocrx_word' id='word_1_423' title='bbox 1261 2607 1378 2644; x_wconf 83' lang='lat' dir='ltr'>Etiam</span> <span class='ocrx_word' id='word_1_424' title='bbox 1386 2611 1483 2657; x_wconf 72' lang='lat' dir='ltr'>Vix-g.</span> <span class='ocrx_word' id='word_1_425' title='bbox 1494 2611 1623 2660; x_wconf 79' lang='lat' dir='ltr'>Georg.</span> 
     </span>
     <span class='ocr_line' id='line_1_73' title="bbox 950 2658 1626 2702; baseline 0.015 -11"><span class='ocrx_word' id='word_1_426' title='bbox 950 2658 967 2693; x_wconf 87' lang='lat'>1</span> <span class='ocrx_word' id='word_1_427' title='bbox 977 2684 988 2702; x_wconf 88' lang='lat'>‚</span> <span class='ocrx_word' id='word_1_428' title='bbox 1006 2671 1068 2692; x_wconf 80' lang='lat'>222</span> <span class='ocrx_word' id='word_1_429' title='bbox 1081 2685 1091 2702; x_wconf 89' lang='lat'>,</span> <span class='ocrx_word' id='word_1_430' title='bbox 1106 2674 1124 2688; x_wconf 76' lang='grc' dir='ltr'><strong><em>κ</em></strong></span> <span class='ocrx_word' id='word_1_431' title='bbox 1142 2658 1272 2695; x_wconf 84' lang='lat' dir='ltr'>Gnosia</span> <span class='ocrx_word' id='word_1_432' title='bbox 1283 2661 1436 2698; x_wconf 84' lang='lat' dir='ltr'>ardentis</span> <span class='ocrx_word' id='word_1_433' title='bbox 1452 2665 1550 2699; x_wconf 80' lang='lat' dir='ltr'>stella</span> <span class='ocrx_word' id='word_1_434' title='bbox 1563 2678 1626 2700; x_wconf 88' lang='lat' dir='ltr'>co—</span> 
     </span>
     <span class='ocr_line' id='line_1_74' title="bbox 949 2712 1626 2760; baseline 0.012 -16"><span class='ocrx_word' id='word_1_435' title='bbox 949 2725 968 2741; x_wconf 80' lang='lat'>»</span> <span class='ocrx_word' id='word_1_436' title='bbox 984 2722 1091 2747; x_wconf 80' lang='lat' dir='ltr'>ronae.</span> <span class='ocrx_word' id='word_1_437' title='bbox 1100 2712 1294 2747; x_wconf 61' lang='lat' dir='ltr'>u--Tleeseo</span> <span class='ocrx_word' id='word_1_438' title='bbox 1299 2715 1539 2760; x_wconf 73' lang='lat' dir='ltr'>criminesacta</span> <span class='ocrx_word' id='word_1_439' title='bbox 1548 2719 1626 2751; x_wconf 84' lang='lat' dir='ltr'>Dea</span> 
     </span>
    </p>
   </div>
  </div>
 </body>
</html>
