1826 3054
242 237 331 294 5-.4
772 241 1004 287 Excun
1019 244 1140 290 sus

240 328 293 377 de
316 347 466 387 servo,
492 341 542 378 ut
577 349 704 397 saepe.
740 330 911 381 Falsam
938 333 1072 396 igitur
1101 336 1353 403 prosodiam
1387 339 1579 390 arbitror
1613 342 1659 390 in

240 406 387 474 l‘riap.
410 407 526 464 L11,
559 406 601 456 3.
627 409 725 456 Jam
750 409 939 475 primum
967 412 1119 461 st‘a‘tor
1150 413 1220 462 hic
1244 413 1510 466 libidinosus
1527 456 1540 476 ‚
1579 419 1659 468 ubi

238 492 380 534 stator
393 502 488 533 esse
507 483 684 534 deberet
702 485 889 552 Priapus
910 487 1102 545 adstans,
1128 509 1242 547 non,
1267 491 1339 558 qui
1354 493 1658 543 salella—Ana-

236 563 362 628 logiae
397 582 526 612 causa
557 562 611 611 cf.
649 574 731 612 act.
766 563 962 631 pendere
1002 565 1215 633 (healton)
1252 568 1296 617 in
1327 572 1471 637 specie
1500 570 1655 622 libram

236 639 503 708 suspendere
522 678 533 696 ‚
567 639 668 688 inde
688 640 849 689 solvere.
877 640 980 689 med.
1019 643 1235 709 pendore,
1267 664 1526 713 suspensum
1564 667 1656 697 esse

235 724 258 789 (
278 721 473 786 haugen).
502 748 556 756 -
582 719 686 770 Act.
701 719 843 786 jacio,
879 721 991 770 med.
1017 723 1159 789 jaceo,
1182 723 1322 788 jactus
1346 745 1443 775 sum
1466 727 1658 794 (Ia'egen)

233 810 316 847 act.
342 796 500 864 parere
515 835 528 854 ‚
553 795 797 863 producere
820 797 1101 864 (erzeugen),
1125 807 1300 866 parcre,
1318 803 1529 868 produci,
1556 805 1657 868 (er-

229 875 413 925 scheinen
426 874 462 941 ).
487 875 659 925 Eodem
672 874 805 924 modo
828 875 967 925 Graeci
986 915 999 935 ‚
1021 877 1100 926 ubi
1116 877 1280 945 duplex
1302 879 1440 929 sorma
1465 894 1563 940 est,
1589 883 1655 931 al-

232 964 323 1002 tera
347 952 600 1009 transitiva,
632 950 766 1002 altera
797 952 1012 1003 intransit.
1043 956 1252 1022 prosodia
1277 955 1359 1006 has
1385 958 1654 1022 distinguere

232 1030 408 1080 solent:
430 1050 470 1079 v.
508 1050 545 1081 c.
574 1039 730 1098 περάσω
756 1033 927 1081 transit.
962 1036 1026 1098 (α
1047 1033 1200 1100 brev.)
1231 1045 1345 1084 trans
1370 1055 1484 1085 mare
1516 1037 1621 1086 duco
1641 1079 1651 1092 ,

229 1107 365 1158 vendo
382 1109 529 1173 (unde
551 1117 787 1176 πιπράσκω)
809 1120 991 1178 nepotem,
1012 1113 1194 1163 intrans.
1224 1115 1282 1178 (a
1295 1113 1454 1178 long.)
1478 1116 1657 1164 transibo

233 1214 287 1224 -—
303 1191 415 1253 φύω,
438 1195 534 1253 φῦμι
554 1215 608 1225 -
628 1187 735 1238 alibi
759 1189 1066 1257 productiores
1088 1190 1238 1240 sormae
1260 1191 1443 1241 intrans.
1470 1194 1562 1241 ἆσαι
1586 1211 1653 1241 sa-

230 1268 363 1325 tiare,
385 1270 529 1319 ἀδῆσαι
554 1267 759 1317 satiatum
781 1286 874 1317 esse
890 1305 903 1323 ‚
929 1279 1011 1317 etc.
1034 1281 1114 1317 etc.

294 1344 359 1394 3⁰.
383 1347 432 1405 1,
461 1345 554 1394 525
570 1383 583 1405 ‚
608 1346 689 1395 ubi
715 1346 948 1396 Carmenta
970 1346 1147 1397 fatidica
1171 1346 1226 1396 de
1250 1348 1414 1407 Roma,
1438 1367 1489 1398 ex
1510 1351 1652 1416 Trojae

225 1443 380 1475 eversae
402 1424 546 1474 cinere
567 1423 841 1492 splendidius
863 1436 1156 1474 resurrectura
1170 1463 1183 1483 ‚
1213 1426 1424 1476 exclamat
1446 1448 1457 1476 t
1509 1464 1512 1468 .

399 1567 504 1604 Urite
522 1566 678 1603 victrices
693 1566 871 1613 Neptunia
888 1567 1061 1613 Pergama
1080 1567 1232 1604 flamm·
1249 1582 1259 1609 ς

461 1627 560 1664 Num
580 1627 699 1663 minus
714 1626 771 1663 hic
789 1634 864 1663 toto
880 1634 931 1663 est
948 1626 1050 1662 altior
1066 1628 1151 1663 orbe
1170 1627 1257 1664 cinis
1268 1626 1286 1662 ?

225 1744 433 1814 explicari
467 1755 512 1794 et
540 1742 666 1810 jungi
689 1742 816 1792 video
840 1762 850 1791 :
876 1762 973 1791 num
994 1740 1063 1791 hic
1085 1741 1207 1803 είηίε,
1238 1742 1283 1790 id
1313 1754 1406 1800 est,
1442 1744 1574 1810 Troja
1601 1746 1647 1794 in

223 1826 389 1875 cineres
411 1822 583 1872 redacta
597 1860 610 1882 ‚
632 1821 756 1871 aldor
774 1831 858 1871 toto
878 1821 975 1871 orbe
994 1820 1127 1870 mitem
1150 1820 1259 1887 quid
1281 1833 1369 1879 est,
1393 1841 1526 1889 quam
1545 1836 1647 1874 ante

221 1903 354 1970 Troja
382 1913 498 1961 erat,
523 1901 660 1965 igitur
687 1920 699 1950 ε
734 1919 790 1949 an
817 1899 952 1965 Troja
974 1897 1181 1948 incendio
1203 1899 1434 1949 imminuta
1469 1902 1566 1951 est?
1587 1930 1641 1939 —

221 1982 381 2029 Nonne
402 1978 465 2027 ita
486 1994 643 2027 sensus
666 1975 967 2045 expediendus
989 1977 1089 2025 est?
1104 1994 1201 2024 num
1218 1976 1351 2025 minus
1372 1988 1439 2026 est
1457 1977 1645 2027 interro·

223 2057 385 2122 gative‚
406 2069 458 2106 nt
481 2056 655 2120 gravior
678 2054 820 2105 oratio
841 2054 1012 2122 poetica
1034 2055 1204 2122 poscit,
1223 2074 1306 2122 pro
1322 2055 1515 2123 pedestri
1533 2078 1543 2106 z
1564 2077 1644 2106 non

217 2137 374 2193 minus,
401 2135 680 2191 nihilominus,
709 2144 899 2183 auarum.
928 2134 1096 2183 Sensus
1118 2153 1128 2182 τ
1151 2133 1299 2191 Urite,
1325 2146 1408 2184 etc.
1433 2136 1642 2185 Attamen

219 2214 292 2264 hic
316 2212 429 2263 cinis
452 2211 586 2262 altior
605 2211 690 2261 erit
711 2222 809 2260 toto
832 2211 953 2260 orbe.
988 2212 1086 2260 Hoc
1117 2230 1207 2260 non
1230 2210 1452 2279 capientes
1474 2210 1640 2262 librarii

218 2294 350 2343 minus
364 2311 447 2361 pro
462 2292 546 2358 adj.
568 2291 788 2359 capientes
808 2290 865 2340 ad
880 2291 1004 2341 altim-
1018 2291 1117 2340 αἠιῖς
1134 2291 1402 2349 referebant,
1425 2303 1471 2341 et
1487 2291 1641 2342 lectio-

216 2390 295 2422 nes
317 2370 552 2429 cuderam,
576 2367 726 2437 quales
748 2380 854 2419 sunt
877 2388 887 2418 :
908 2388 990 2418 non
1012 2369 1166 2425 ηιίηον,
1193 2388 1289 2418 num
1313 2369 1456 2418 minor.

283 2450 346 2512 [4⁶.
370 2450 418 2508 1,
457 2447 579 2516 595,
607 2447 686 2497 ubi
716 2446 846 2497 multi
876 2446 1071 2510 insignes
1103 2446 1352 2496 reseruntur
1377 2446 1533 2503 duces,
1561 2449 1638 2514 qui

214 2524 350 2575 rebus
368 2524 503 2589 gestis
524 2522 677 2573 titulos
691 2535 735 2572 et
745 2523 1007 2588 cognomina
1029 2534 1381 2591 reportaverant,
1405 2535 1506 2590 post
1524 2522 1637 2573 mul-

218 2616 288 2653 tos
311 2602 422 2653 alios
447 2603 577 2653 etiam
601 2603 689 2652 dux
710 2601 888 2670 quidam
910 2601 983 2651 his
1004 2601 1151 2651 verbis
1173 2600 1372 2649 innuitur
1391 2620 1403 2650 ε

277 2679 407 2730 Hunc
426 2679 630 2731 Nmm'doe
643 2679 813 2747 saciant
825 2718 838 2737 ,
870 2678 987 2729 illem
1019 2677 1219 2728 Messana
1239 2677 1466 2743 superbum.
1501 2677 1636 2741 Cogi-

213 2769 362 2809 tarunt
379 2757 574 2827 interpp.
590 2758 645 2808 de
661 2758 726 2808 Μ.
741 2756 920 2808 valerio
931 2755 1124 2808 Messala
1139 2793 1154 2814 ‚
1177 2754 1244 2805 vel
1262 2754 1317 2804 de
1331 2755 1484 2824 Appio
1500 2754 1636 2805 Clau-
