1826 3054
535 226 604 270 IN
638 225 880 269 ov1n11
913 222 1206 267 rAsTos.
1496 218 1584 276 469

163 339 441 377 censeamus,
466 319 546 369 ubi
582 337 734 367 eorum
768 317 814 364 in
849 316 1013 365 ovidio
1048 312 1308 381 explicando
1342 311 1410 359 vel
1441 330 1585 359 emen-

164 403 307 451 dando
334 413 480 470 partes
503 412 620 449 sunt.

230 485 351 532 Fast.
379 483 434 540 I,
474 482 566 547 589
598 481 653 529 ad
683 480 724 529 d.
766 479 821 527 13
852 478 995 545 April.
1032 476 1220 526 Ovidius
1249 473 1496 541 provincias
1530 472 1585 519 ab

168 566 409 614 Octaviano
424 563 595 632 populo
607 563 802 611 redditas
815 600 828 620 ,
854 573 899 609 et
916 577 1161 623 cognomen
1174 557 1369 621 Augusti
1386 556 1432 603 in
1450 573 1586 603 unum

166 647 451 713 eumdemque
478 646 592 693 diem
615 663 780 712 ponere
804 643 1003 690 videtur:

340 750 562 795 Redditaque
581 756 633 783 est
650 748 765 783 omnis
785 747 913 793 populo
930 746 1107 792 provincia
1124 752 1264 788 nostro,

412 811 459 845 Et
480 818 559 845 tuus
578 811 738 855 Augusto
754 808 898 843 nomine
917 807 1028 842 dictus
1046 820 1138 841 avus.

167 907 426 956 Tenendum
459 907 505 954 h.
544 904 571 953 l.
613 905 732 971 quod
769 902 1131 966 diligentissimus
1169 902 1357 968 quisque
1394 911 1592 948 veterum

170 991 437 1056 scriptorum
468 987 608 1036 lector
644 987 824 1035 minime
860 985 1083 1049 ignorabit
1105 1022 1117 1042 ,
1156 1002 1269 1050 saepe
1306 1002 1383 1031 eos
1417 1001 1562 1030 rerum
1578 1017 1590 1036 ,

170 1073 286 1120 haud
309 1071 485 1138 quidem
510 1069 641 1118 simul
664 1081 909 1132 gestarum,
936 1067 1013 1116 sed
1035 1079 1189 1115 mutua
1214 1065 1383 1114 ratione
1408 1064 1593 1128 conjun-

170 1168 363 1212 ctarum,
378 1155 562 1219 junctim
583 1153 854 1201 mentionem
875 1152 1063 1217 injicere.
1077 1153 1143 1198 Ita
1162 1150 1375 1206 Orosius,
1398 1149 1484 1203 Vl,
1510 1165 1591 1203 20,

170 1250 408 1304 postquam
431 1237 472 1283 d.
487 1237 596 1283 Vlll
616 1246 715 1283 ante
733 1234 799 1282 Id.
818 1235 1031 1282 Caesarem
1049 1233 1228 1281 rediisse
1248 1231 1503 1297 scripserat,
1520 1249 1594 1277 eo-

175 1320 273 1366 dem
293 1319 360 1366 die
380 1337 478 1367 eum
497 1319 751 1380 Augustum
772 1315 1093 1364 consalutatum
1111 1333 1226 1371 esse,
1251 1313 1392 1368 addit,
1412 1312 1596 1376 conjun-

177 1419 283 1462 gens
295 1400 404 1447 duas
418 1419 486 1447 res
498 1419 520 1446 a
531 1418 576 1447 se
592 1398 775 1446 invicem
785 1397 1026 1463 pendentes
1037 1415 1148 1450 ,non
1161 1394 1293 1444 simul
1302 1394 1451 1442 saetas.
1479 1394 1598 1440 Prae-

175 1483 325 1531 sertim
341 1482 579 1530 Suetonius
598 1482 657 1529 ita
680 1499 793 1547 saepe
812 1479 1096 1546 explicandus
1115 1490 1194 1526 est.
1215 1480 1316 1526 Hoc
1335 1477 1435 1525 loco
1458 1495 1597 1524 unum

177 1578 219 1613 et
233 1564 417 1613 alterum
436 1584 528 1612 non
551 1583 643 1611 uno
665 1563 733 1610 die
751 1562 985 1624 contigisse
1001 1562 1088 1626 jam
1100 1561 1192 1609 Dio
1208 1560 1447 1608 tradiderat
1463 1560 1569 1606 LIII
1585 1595 1597 1615 ,

183 1647 263 1706 16;
288 1649 486 1696 scribens
500 1685 512 1705 ,
533 1648 726 1714 primum
743 1645 896 1693 habita
920 1645 974 1692 de
990 1644 1236 1693 dividendis
1258 1642 1495 1710 provinciis
1508 1661 1602 1689 ora-

178 1732 296 1779 tione
321 1749 495 1797 coronae
520 1748 696 1796 quernae
723 1729 921 1776 honores
946 1727 984 1775 ei
1009 1727 1235 1783 decretos,
1271 1736 1425 1792 postea
1455 1736 1601 1772 autem

182 1832 311 1869 eum,
346 1812 553 1879 perfectis
586 1811 763 1859 demum
794 1810 875 1867 iis,
912 1829 1009 1877 quae
1043 1808 1271 1876 pollicitus
1298 1807 1466 1862 fuerat,
1502 1808 1603 1855 Au-

174 1903 336 1959 gustum
352 1893 518 1941 dictum
536 1912 629 1941 esse
647 1912 657 1940 ε
674 1892 729 1940 ad
750 1911 880 1958 quem
899 1891 1046 1939 locum
1066 1891 1153 1954 jam
1170 1890 1390 1938 Reimarus
1410 1888 1601 1936 diversas

183 1977 435 2025 notationes
465 1975 747 2023 conciliatum
779 1975 871 2022 ivit.
908 1975 1022 2022 Cum
1051 1974 1199 2022 Dione
1231 1973 1292 2021 ita
1323 1971 1607 2021 statuendum

186 2078 278 2107 esse
301 2059 481 2106 Verrius
504 2057 651 2113 docet,
677 2068 728 2104 ut
751 2056 793 2103 d.
820 2056 876 2103 13
899 2058 997 2103 Jan.
1023 2075 1198 2103 coronae
1219 2074 1395 2122 quernae
1415 2041 1609 2103 honores

190 2142 248 2188 ob
274 2140 522 2207 provincias
545 2139 704 2186 divisas
724 2175 735 2195 ,
770 2137 840 2187 die
871 2135 927 2184 16
952 2137 1127 2185 demum
1149 2137 1342 2199 Augusti
1365 2155 1610 2199 cognomen

190 2222 373 2271 traxisse
394 2220 676 2284 intelligatur.
699 2219 772 2268 Ad
796 2220 837 2267 d.
869 2219 926 2267 13
948 2219 1014 2267 hae
1038 2231 1154 2267 notae
1174 2218 1347 2286 scriptae
1363 2230 1470 2266 sunt
1492 2239 1501 2266 :
1530 2217 1614 2266 Co-

193 2324 292 2353 rona
306 2323 444 2371 quer..
459 2341 468 2349 .
487 2305 670 2369 August.
693 2321 799 2350 oner.
813 2340 823 2349 .
838 2340 847 2348 .
864 2301 943 2350 Po.
966 2302 1027 2350 R.
1051 2302 1151 2350 Res.
1174 2300 1295 2367 quod
1317 2300 1615 2367 supplendum

193 2387 313 2435 haud
335 2385 469 2435 dubie
493 2404 582 2433 cum
605 2385 808 2451 Fogffl'mb
829 2405 846 2431 .-
872 2383 1037 2431 Corona
1058 2402 1210 2449 querna
1235 2402 1288 2431 ex
1312 2383 1357 2431 S.
1386 2383 1435 2430 C.
1464 2401 1618 2448 super-

197 2469 343 2536 posita
363 2480 429 2517 est
449 2467 599 2515 domui
616 2468 729 2532 Imp.
753 2467 861 2514 Caes.
885 2466 1092 2531 Augusti,
1120 2483 1315 2512 onerosas
1337 2463 1456 2530 quod
1476 2482 1528 2511 eo
1550 2463 1620 2511 die

198 2551 364 2617 recepit
398 2550 647 2617 provincias
678 2561 722 2596 et
749 2560 927 2615 pacatas
954 2546 1130 2613 Populo
1158 2548 1360 2595 Romano
1392 2546 1618 2594 Restituit.

203 2633 288 2681 Ad.
315 2633 357 2680 d.
388 2632 444 2679 16
463 2632 626 2695 legitur
641 2651 651 2679 ε
666 2629 779 2696 Imp.
804 2629 952 2678 Coesar
970 2630 1189 2695 Augustus
1208 2638 1269 2675 cst
1289 2627 1522 2694 appellatus
1534 2627 1624 2694 ipso

210 2727 278 2761 ΥΠ
302 2724 342 2762 et
360 2715 556 2781 Agrippa
578 2712 673 2763 Cos.
699 2711 775 2779 qui
797 2730 938 2760 annus
961 2721 1027 2759 est
1047 2730 1092 2759 u.
1116 2729 1157 2759 c·
1184 2726 1290 2775 727.
