1826 3054
582 267 960 312 FASTORUM
990 269 1117 314 LIB.
1151 270 1246 314 VI.

1529 272 1611 329 451

277 362 336 409 Et
359 379 496 424 genus
510 398 522 418 ‚
545 373 589 410 et
609 361 759 419 facies,
783 362 1096 429 ingeniumque
1119 363 1263 413 simul.

214 443 323 499 Nec,
350 442 468 508 quod
492 441 717 491 laudamus
739 443 946 500 formam,
974 456 1061 493 tam
1082 457 1209 511 turpe
1230 446 1397 512 putaris
1415 466 1426 494 :

277 518 524 569 Laudamus
547 540 726 583 magnas
743 521 824 568 hac
849 541 1027 587 quoque
1049 533 1170 587 parte
1192 522 1304 571 deas.

213 597 362 662 Nupta
383 596 468 643 fuit
492 596 711 662 quondam
736 608 967 644 matertera
990 596 1172 645 Caesaris
1194 597 1272 645 illi.

278 676 321 722 Ο
344 674 496 730 decus,
523 695 549 721 o
574 694 691 723 sacra
714 674 873 723 femina
892 675 1024 738 digna
1047 675 1204 723 domo!

1560 693 1627 726 810

214 750 284 797 Sic
308 750 464 798 cecinit
487 749 585 798 Clio
606 771 615 797 :
638 750 777 799 doctae
799 750 1029 799 adsensere
1049 770 1240 814 sorores.

276 829 447 876 Adnuit
467 828 665 886 Alcides,
692 829 996 895 increpuitque
1020 828 1170 895 lyram.

213 952 247 979 et
254 944 554 979 Burm.-—Verbis
562 950 597 978 et
606 957 723 988 genus,
732 943 887 988 etfacies

211 1000 438 1040 Ingeniumque
445 999 549 1030 simul
552 996 586 1030 in
598 995 753 1030 Francos
753 1003 818 1030 urt.
829 995 889 1029 ad-

212 1050 380 1093 scriptum
397 1062 405 1082 :
423 1064 440 1077 κ
459 1049 544 1083 Haec
560 1048 753 1084 adulterina
763 1055 856 1083 sunt.
869 1062 887 1078 ³⁰

213 1101 270 1136 Sic
282 1101 436 1146 judicant
450 1101 555 1135 etiam
573 1100 702 1136 Brouk.
716 1109 751 1136 et
765 1102 888 1136 Burm.

213 1153 291 1197 quia
313 1159 412 1197 poeta
429 1152 524 1186 idem
539 1154 610 1197 jam
629 1152 770 1188 dixerat.

256 1206 331 1239 812.
349 1205 520 1240 Hercules
544 1208 651 1250 lyram
665 1206 809 1250 pulsans
831 1220 888 1241 se·

212 1257 312 1292 rioris
333 1257 414 1291 artis
429 1256 596 1302 frequens
618 1265 886 1302 argumentum;

214 1308 376 1356 Heynius
393 1308 485 1343 dicto
501 1308 587 1342 loco.
607 1310 775 1353 Increpuit
788 1312 880 1356 Ista,

212 1361 286 1408 lyra
297 1360 420 1395 fortius
432 1360 562 1405 pulsata
575 1360 683 1394 finem
695 1360 807 1395 facere
818 1362 888 1405 jus-

212 1414 280 1454 sit;
307 1413 353 1447 sic
374 1413 562 1454 Horatius,
589 1413 654 1454 lv,
674 1411 745 1447 od.
762 1424 827 1456 xv,
848 1428 860 1447 ι
877 1425 886 1446 :

214 1479 231 1492 κ
249 1463 400 1498 Pboebus
423 1463 600 1498 volentem
618 1463 733 1509 praelia
751 1476 808 1498 me
826 1463 887 1498 lo-

214 1530 231 1546 »
248 1516 307 1561 qui
327 1543 336 1558 ‚
363 1515 480 1551 victas
501 1524 535 1550 et
563 1517 664 1551 urbes
680 1544 688 1559 ,
715 1517 888 1562 increpuit

213 1581 231 1598 ¹»
249 1568 343 1615 lyra;
358 1583 375 1598 ²·
393 1568 440 1602 ibi
455 1568 524 1602 vid.
542 1569 624 1602 Jani
642 1576 678 1603 et
695 1569 886 1603 Mitscherl.

212 1621 420 1666 Disputatur
443 1628 562 1655 autem
584 1621 651 1656 hoc
671 1620 748 1655 loco
766 1629 887 1656 utrum

211 1671 401 1718 legendum
415 1672 458 1706 sit
472 1675 562 1718 lyra,
584 1685 627 1706 an
643 1699 652 1715 ,
671 1672 766 1717 quod
780 1672 888 1706 Hein-

212 1724 282 1758 sius
296 1737 337 1758 ex
352 1723 492 1766 Ursini,
510 1724 719 1759 Sarraviano
731 1731 766 1758 et
780 1723 888 1759 tribus

214 1777 286 1812 aliis
299 1778 495 1823 adoptavit,
515 1781 631 1824 lyram.
655 1779 786 1813 Putant
798 1805 808 1821 ,
825 1782 888 1812 ὑι-

214 1843 348 1874 crepaee
361 1834 468 1877 lyram
488 1845 560 1866 esse
578 1831 780 1877 simpliciter
802 1831 889 1876 pul-

214 1897 288 1918 sare
312 1883 423 1930 lyram
438 1910 448 1927 ,
470 1892 509 1919 ut
532 1884 680 1919 Hei-oid.
705 1885 781 1928 111,
804 1885 883 1927 ιι8;

218 1936 340 1970 Amor.
350 1937 399 1977 11,
413 1947 464 1978 xi,
474 1937 534 1976 32;
547 1937 607 1971 sed
620 1941 790 1982 increpare
798 1940 883 1984 lyra,

216 1988 355 2033 signum
373 1987 456 2022 dare
467 2014 476 2029 ,
497 1987 686 2022 admonere
701 1989 775 2035 lyra
790 2002 889 2034 aspe-

218 2040 289 2073 rius
305 2039 400 2084 pulsa
416 2052 424 2072 :
442 2039 489 2073 sic
503 2039 608 2073 etiam
624 2038 841 2074 Schirachius
854 2047 890 2074 et

220 2091 410 2129 Krebsius;
430 2090 490 2124 sed
513 2090 676 2137 Heynius
698 2090 741 2124 ad
764 2091 890 2136 Virgi—

217 2141 303 2175 lium
316 2167 326 2184 ‚
356 2141 439 2175 AEn.
458 2143 474 2176 1
489 2168 498 2183 ,
523 2143 583 2185 447
596 2168 606 2183 ,
626 2142 662 2175 in
686 2155 775 2176 varr.
799 2142 891 2177 lectt.

217 2196 291 2239 lyra
305 2196 442 2237 pulsare
461 2194 568 2238 magis
584 2193 717 2238 poetice
735 2193 801 2228 dici
818 2207 891 2239 pu-

220 2253 289 2287 tat,
305 2258 409 2289 quam
422 2248 539 2291 lyram.
554 2244 731 2279 Caeterum
745 2245 780 2280 in
795 2245 891 2280 MSS

222 2296 342 2332 Ursini
355 2324 365 2339 ‚
381 2296 518 2331 duobus
530 2297 704 2331 Patavinis
713 2322 723 2336 ,
740 2310 811 2331 uno
822 2298 893 2330 Va-

222 2348 337 2382 ticano
358 2355 458 2392 atque
478 2347 695 2382 Francofurt.
719 2349 893 2393 subjuncti

221 2397 386 2444 leguntur
410 2412 528 2433 versus
554 2399 588 2433 bi
616 2407 790 2444 quatuor:
815 2416 828 2426 u
854 2398 893 2433 Si

225 2462 242 2477 ιο
260 2461 370 2484 novus
394 2463 412 2483 a
432 2451 514 2483 Jani
533 2449 635 2484 sacris
652 2448 895 2483 numerabitur

226 2513 244 2530 τι
262 2513 391 2546 annus,
409 2501 578 2546 Quintilis
593 2501 676 2536 salso
692 2500 835 2535 nomine
847 2499 895 2534 di·

954 957 973 973 »
991 950 1066 978 ctus
1077 943 1155 978 erit.
1168 943 1205 978 Si
1218 942 1319 986 sacis,
1333 950 1372 977 ut
1383 942 1523 978 fuerant
1535 971 1545 988 ,
1562 945 1628 989 pri-

954 1010 972 1025 »
992 1009 1066 1031 mas
1081 1010 1098 1030 a
1111 997 1226 1031 Marte
1238 996 1435 1039 Kalendas,
1452 997 1630 1043 Tempora

953 1062 971 1079 n
989 1049 1199 1084 constabunt
1227 1048 1350 1083 ordine
1381 1049 1485 1084 ducta
1510 1058 1585 1084 suo.
1608 1065 1627 1080 »

952 1100 1146 1134 Vaticanus
1160 1099 1228 1134 hoe
1243 1100 1383 1134 initium
1400 1100 1478 1134 libri
1489 1100 1628 1146 septimi

952 1150 1204 1193 constituebam
1229 1158 1263 1186 at
1276 1151 1476 1187 Gronovius
1491 1150 1631 1186 monuit

952 1204 1142 1251 inspectam
1158 1205 1223 1239 sibi
1239 1205 1343 1239 fuisse
1361 1204 1398 1239 in
1415 1205 1545 1240 Norico
1559 1217 1630 1239 ve·-

953 1263 1080 1292 tustam
1098 1258 1246 1292 Nasonis
1262 1258 1454 1293 editionem
1470 1259 1526 1293 cui
1540 1258 1624 1293 Cel-

953 1315 1003 1343 tes
1013 1309 1212 1352 Protacius,
1231 1309 1260 1344 is
1276 1322 1403 1354 nempe
1421 1309 1480 1354 qui
1495 1309 1630 1354 primus

952 1367 1028 1403 post
1046 1367 1183 1395 renatas
1203 1361 1318 1395 literas
1335 1362 1456 1405 poesin
1478 1360 1515 1395 in
1536 1360 1632 1396 Ger-

951 1413 1068 1446 mania
1087 1413 1292 1448 instauravit
1306 1440 1314 1456 ,
1342 1426 1450 1448 manu
1475 1427 1537 1448 sua
1560 1414 1630 1448 ad·-

950 1466 1158 1513 scripsisset,
1184 1467 1337 1512 reliquos
1352 1481 1419 1502 ¹sex
1444 1468 1631 1509 Fastorum

951 1517 1057 1552 libros
1070 1518 1199 1552 servari
1216 1518 1307 1563 apud
1325 1519 1575 1566 Presbyterum
1594 1520 1631 1554 in

951 1581 1040 1614 pago
1049 1582 1154 1614 prope
1165 1570 1312 1604 Ulmam
1323 1598 1333 1613 ,
1348 1571 1628 1616 principiumque

951 1621 1088 1666 septimi
1107 1620 1184 1655 libri
1201 1621 1239 1655 in
1254 1622 1314 1655 illo
1330 1621 1448 1656 codice
1467 1623 1632 1657 talenta-

952 1680 1067 1707 ratum
1083 1673 1187 1707 fuisse
1204 1686 1213 1707 ι
1236 1688 1254 1703 «ι
1274 1673 1332 1707 Tu
1348 1686 1487 1719 quoque
1504 1675 1631 1710 mutati

954 1739 972 1755 ²»
989 1738 1104 1759 causas
1118 1731 1154 1758 et
1167 1725 1312 1759 nomina
1327 1726 1455 1760 mensis
1474 1721 1511 1759 A*
1522 1720 1630 1771 tequi

954 1791 974 1807 ³·
986 1778 1164 1822 sequitur,
1178 1778 1327 1812 maxime
1338 1777 1467 1821 Casan
1483 1778 1601 1814 habes.
1609 1794 1631 1810 ι

954 1829 1026 1865 Sed
1036 1837 1075 1864 ut
1085 1829 1199 1864 dicam
1210 1830 1363 1875 ingenue
1377 1831 1472 1876 quod
1488 1845 1545 1867 res
1555 1839 1630 1876 est,

953 1882 1079 1926 opinor
1094 1880 1232 1916 Celtem
1249 1882 1449 1917 Protaeium
1465 1896 1537 1917 non
1555 1890 1631 1918 tam

953 1933 1125 1979 decepisse
1134 1961 1144 1977 ‚
1156 1948 1262 1980 quam
1274 1931 1379 1971 fuisse
1391 1936 1575 1981 deceptum
1586 1937 1630 1972 ab

954 1986 1039 2029 aliis,
1051 1986 1108 2031 qui
1124 1986 1234 2020 visum
1245 1987 1307 2021 sibi
1317 1994 1420 2031 atque
1431 1989 1629 2033 inspectum

953 2036 1047 2072 hunc
1079 2038 1234 2072 codicem
1264 2038 1500 2073 adfirmarent.
1537 2040 1628 2074 Nam

955 2088 1152 2123 lactantius
1173 2090 1207 2123 in
1233 2090 1446 2131 Div.‚1nstit.
1472 2092 1627 2126 Priscia-

956 2151 1021 2172 nus
1042 2138 1077 2172 in
1102 2139 1356 2182 Grammatica,
1380 2142 1504 2186 aliique
1522 2150 1627 2176 vete—

956 2203 1035 2224 rum
1048 2217 1058 2232 ‚
1081 2204 1191 2235 quum
1208 2192 1323 2236 plures
1344 2193 1435 2228 locos
1456 2207 1496 2227 ex
1520 2194 1630 2229 Fastis

957 2241 1162 2276 Nasonianis
1187 2242 1364 2287 proferant
1387 2245 1419 2278 in
1447 2245 1602 2278 medmm
1616 2271 1628 2289 ‚

957 2305 998 2326 ex
1012 2293 1105 2328 libris
1119 2301 1235 2328 tamen
1244 2307 1302 2329 sex
1314 2296 1560 2340 posterioribus
1571 2297 1631 2331 de-

959 2346 1103 2390 perditis
1117 2346 1201 2380 nihil
1215 2359 1353 2391 prorsus
1363 2348 1576 2392 producunt,
1589 2356 1631 2383 ut

957 2404 1092 2431 certum
1107 2398 1150 2432 sit
1160 2425 1169 2440 ,
1186 2402 1329 2432 alteram
1344 2399 1446 2444 hujus
1461 2400 1630 2445 poematis

958 2456 1093 2494 partem
1114 2451 1185 2495 jam
1207 2459 1288 2486 ante
1308 2452 1430 2488 saecula
1452 2453 1629 2498 complura

958 2503 1184 2540 intercidisse.
1201 2505 1332 2541 Hmus.

701 2648 838 2678 1³1le
878 2647 1160 2679 FASTORUM.
1465 2661 1487 2670 κ

390 2823 465 2865 VI
470 2857 477 2864 .

1341 2843 1398 2885 29
