1826 3054
536 271 608 314 IN
641 270 887 315 OVIDII
919 270 1216 316 FASTOS.
1491 274 1579 337 497

166 363 210 410 in
243 360 453 426 religione
483 373 657 430 patrum
689 363 971 430 potissimum
1006 364 1248 421 versantia,
1283 364 1392 413 adeo
1425 385 1583 433 parum

164 442 420 490 auctoritate
442 440 628 490 valuisse
645 453 686 489 et
702 441 941 489 virtutibus
953 460 999 490 se
1016 442 1340 490 commendasse
1353 443 1578 504 videntur,

164 532 214 568 ut
236 521 323 569 nisi
341 519 465 586 prius
484 520 668 578 amissa,
694 531 838 568 tamen
858 520 983 587 poesi
1008 539 1154 583 graecae
1174 522 1222 569 in
1245 521 1415 570 Italiam
1438 523 1583 572 ’trans4

164 594 261 644 latae
286 595 436 644 statim
459 595 663 644 cederent
678 633 691 653 ‚
719 607 764 644 et
794 615 893 645 cum
920 596 975 644 iis
1005 596 1156 662 patriae
1179 596 1265 645 illae
1286 598 1443 647 veteris
1466 600 1583 648 Latii

166 671 272 719 idea!
292 670 508 734 religiosae
532 683 577 720 et
592 671 732 738 mythi
751 671 870 720 haud
892 671 1024 720 dubie
1043 672 1276 740 perierint,
1296 672 1358 722 ita
1373 686 1443 732 ut,
1463 695 1583 723 non-

164 748 249 796 nisi
275 747 322 795 in
355 748 478 796 sestis
507 759 550 796 et
581 748 744 797 ritibus
777 748 1028 798 domesticis
1061 748 1208 815 aliqua
1242 769 1395 799 eorum
1426 752 1583 800 notitia

163 836 329 873 servata
347 863 360 883 ‚
389 844 527 874 causae
551 826 718 874 rituum
740 826 919 875 illorum
947 826 1208 893 plerumque
1238 828 1446 895 perirent.
1473 830 1582 878 Inde

162 900 292 948 simul
313 913 514 967 apparet,
540 921 619 950 cur
635 902 723 968 ipsi
744 914 909 950 veteres
926 902 973 950 in
996 903 1160 969 mythis
1181 915 1225 951 et
1248 905 1415 962 causis,
1439 924 1463 953 a
1485 906 1584 971 qui-

161 978 248 1027 bus
268 978 383 1026 feriae
406 990 450 1027 et
471 979 724 1028 ceremoniae
746 979 993 1027 domesticae
1013 981 1258 1046 repetendae
1282 993 1448 1040 essent,
1470 983 1579 1031 adeo

161 1055 205 1102 in
220 1056 387 1105 diversa
399 1056 586 1106 abierint
599 1093 611 1112 ,
636 1075 773 1121 quum
793 1067 937 1104 vetera
956 1055 1032 1103 illa
1050 1069 1334 1105 monumenta
1349 1058 1415 1106 vel
1436 1059 1585 1125 deper-

165 1133 256 1181 dita
271 1146 437 1190 essent,
457 1133 525 1183 vel
544 1134 603 1181 ob
623 1133 892 1182 inconditam
911 1133 1107 1196 linguam
1127 1133 1199 1181 vix
1219 1134 1579 1198 intelligerentur.

164 1211 327 1259 Graecis
340 1223 487 1259 autem
506 1210 669 1259 sabulis
687 1209 819 1258 litera:
839 1229 1028 1259 romanae
1046 1222 1149 1258 tunc
1166 1211 1446 1276 potissimum
1472 1213 1579 1262 citra

162 1286 347 1334 dubium
366 1286 536 1335 obrutae
559 1298 664 1335 sunt
680 1324 693 1344 ,
726 1305 865 1353 quum
890 1286 1039 1348 graecis
1061 1286 1205 1352 poetis
1225 1298 1271 1335 et
1291 1288 1583 1355 scriptoribus

162 1362 381 1411 vertendis
407 1363 598 1410 Romani
627 1362 852 1425 ingenium
886 1380 1082 1410 exercere
1112 1363 1374 1429 coepissent,
1406 1376 1452 1413 et
1477 1377 1583 1414 tunc

162 1442 368 1498 maxime,
393 1460 533 1506 quum
545 1459 629 1506 pro
644 1441 795 1488 Crono
806 1440 1052 1496 Saturnum,
1078 1459 1161 1506 pro
1176 1442 1300 1491 Rhea
1317 1441 1474 1509 Opem,
1500 1464 1584 1512 pro

161 1518 336 1566 Baccho
347 1518 544 1566 Liberum
557 1518 895 1575 substituerent,
920 1517 1085 1566 sactum
1102 1530 1169 1566 est
1181 1556 1194 1577 ,
1220 1531 1273 1567 ut
1293 1521 1434 1586 mythi
1454 1523 1583 1584 graeci

159 1595 213 1643 ad
235 1596 325 1643 haec
338 1596 519 1643 nomina
536 1596 775 1643 domestica
789 1595 1067 1644 referrentur.
1089 1598 1156 1644 Ita
1173 1597 1219 1644 in
1233 1596 1384 1646 multis
1402 1599 1579 1659 accidit,

158 1684 208 1720 ut
229 1672 409 1720 nonnisi
429 1672 605 1719 nomina
631 1672 688 1720 ad
710 1672 883 1720 Latium
905 1673 1172 1738 pertinentia
1190 1688 1379 1738 arguant
1402 1677 1582 1741 religio-

156 1769 256 1798 nem
279 1769 432 1798 eorum
454 1749 518 1797 ibi
543 1749 827 1798 domesticam
853 1769 946 1798 esse
965 1771 975 1808 ;
1007 1751 1167 1801 fabulae
1190 1772 1342 1803 omnes
1365 1774 1389 1802 e
1416 1756 1581 1806 Graecia

157 1828 304 1893 petita:
326 1840 443 1876 sunt.
470 1827 848 1876 Jucundissimum
867 1828 1050 1886 accidit,
1076 1829 1114 1877 si
1139 1831 1315 1895 quando
1337 1846 1579 1883 commuta-

159 1906 294 1953 tionis
329 1924 481 1954 eorum
516 1924 615 1952 cum
646 1905 906 1954 numinibus
944 1906 1093 1969 graecis
1125 1921 1397 1959 momentum
1428 1910 1576 1979 aliqua

159 2004 257 2032 cum
288 1980 666 2030 verisimilitudine
699 1981 1038 2047 deprehendisse
1074 1984 1207 2033 nobis
1242 1986 1378 2035 videri
1413 2008 1577 2055 possu—

159 2150 199 2171 ex
220 2135 411 2171 accessione
432 2134 615 2169 literarum
640 2146 831 2180 graecarum

157 2191 272 2236 lingua
286 2191 415 2223 mirum
428 2188 463 2222 in
479 2188 624 2223 modum
637 2195 769 2222 mutata
782 2201 831 2222 es·

155 2250 207 2277 set
218 2270 228 2287 ‚
254 2244 310 2276 vix
325 2241 518 2285 intellecta,
544 2254 696 2286 quorum
711 2247 829 2276 autem

895 2136 1026 2176 Jauas.
1055 2137 1154 2181 cuius
1177 2139 1347 2185 praecipue
1379 2141 1427 2177 ibi
1458 2151 1574 2189 partes

895 2188 994 2223 suere
1015 2189 1135 2232 (unde
1151 2191 1269 2239 Lydus
1284 2206 1303 2227 a
1319 2195 1451 2240 potiore
1472 2209 1480 2230 :
1503 2199 1572 2232 Σά-

894 2244 954 2275 λιοι
969 2242 1189 2283 ὖμυπαιοῦντες
1202 2246 1252 2278 τόν
1267 2239 1384 2288 ἰοε-ινᾶν)
1400 2247 1572 2283 Satunnus

155 2308 319 2342 magnam
335 2295 405 2328 vim
422 2307 494 2329 esse
508 2294 551 2329 ad
567 2294 828 2340 intelligendam

154 2348 301 2393 patriam
326 2346 576 2394 mythologiam
602 2353 737 2381 certum
765 2354 827 2381 est.

153 2401 203 2435 Ea
214 2401 309 2434 enim
320 2398 467 2434 numina
478 2424 487 2442 ,
498 2411 574 2444 quae
585 2398 622 2432 in
633 2398 698 2433 illis
708 2397 827 2432 nomi-

150 2452 260 2486 natim
274 2457 463 2486 occurrunt
476 2476 486 2492 ,
507 2450 579 2494 jam
597 2457 681 2484 tunc
702 2450 825 2484 Roma

149 2506 240 2540 culta
256 2519 327 2540 esse
349 2532 359 2549 ,
388 2504 543 2550 judicare
569 2503 669 2547 licet,
693 2510 728 2537 et
753 2503 825 2547 jam

151 2567 281 2594 ueteres
297 2558 511 2604 grammatici
529 2569 570 2591 ex
589 2569 632 2591 eo
644 2582 655 2600 ,
675 2555 704 2590 si
729 2556 824 2601 quod

148 2625 281 2647 numen
298 2612 334 2647 in
347 2611 411 2647 illis
421 2625 495 2646 non
510 2611 652 2646 obvium
666 2617 761 2653 erat,
778 2610 823 2645 de

149 2665 276 2698 seriore
289 2664 364 2707 ejus
374 2663 565 2698 accessione
575 2663 801 2707 conjecerunt
810 2673 820 2701 ;

151 2718 162 2756 ζ
179 2715 245 2749 vid.
261 2714 349 2749 insra
373 2714 417 2749 de
433 2715 574 2750 Venere
591 2715 616 2757 ).
640 2714 682 2748 In
706 2713 821 2759 paucis

151 2769 188 2801 iis
196 2794 206 2812 ‚
221 2779 296 2813 quae
311 2766 476 2801 habemus
488 2793 497 2811 ,
508 2765 730 2813 fragmentis,
750 2778 778 2799 v.
790 2777 817 2798 c.

278 2828 364 2873 VI.

895 2291 1025 2337 (quam
1047 2292 1201 2328 formam
1227 2296 1301 2332 vult
1318 2297 1408 2333 Scal.
1424 2297 1441 2343 )
1460 2301 1571 2335 Luce-

890 2348 979 2386 te‘us,
1006 2347 1202 2388 Volumnia,
1221 2350 1345 2383 Mania
1358 2377 1368 2392 ,
1392 2352 1571 2388 Pilumnus

891 2405 1080 2433 occurrunt
1092 2425 1102 2443 ,
1119 2397 1163 2433 de
1187 2413 1338 2445 quorum
1361 2403 1567 2449 antiquitate

890 2458 927 2486 et
945 2450 1133 2487 domestica
1148 2452 1185 2486 in
1203 2453 1301 2488 Italia
1317 2453 1484 2501 religione
1507 2458 1568 2503 jn-

889 2501 1005 2538 dicare
1021 2502 1111 2538 licet.
1132 2504 1240 2539 Aliud
1261 2519 1385 2542 eorum
1406 2521 1568 2546 commo—-

888 2553 976 2589 dum
1000 2555 1036 2589 in
1062 2568 1106 2590 eo
1128 2564 1309 2602 versatur,
1336 2565 1400 2603 ut,
1426 2561 1454 2595 si
1479 2562 1564 2607 quid

888 2606 980 2640 aliud
998 2633 1008 2651 ,
1032 2607 1175 2653 antiqua
1199 2621 1324 2643 eorum
1347 2610 1465 2658 lingua
1481 2640 1492 2657 ,
1518 2615 1562 2649 ad

887 2671 1006 2692 veram
1022 2659 1207 2694 notionem
1221 2659 1370 2696 deorum
1384 2676 1563 2709 quorum-

885 2710 967 2745 dam
982 2711 1254 2749 domesticorum
1276 2715 1478 2761 conjectura
1499 2719 1563 2754 ad-

885 2764 1099 2809 sequendam
1117 2765 1230 2802 ducat.

1323 2830 1374 2872 32
