1826 3054
455 216 877 288 ‘FAsToRUM
917 245 1055 290 LIB.
1100 248 1140 290 1.
1463 264 1520 308 29

163 335 222 382 Et
246 345 375 382 sonet
395 335 588 383 accensis
611 336 732 402 spica
755 335 915 385 Cilissa
936 337 1084 386 focis?

100 410 292 459 Flamma
313 410 459 460 nitore
481 431 564 461 suo
587 411 855 479 templorum
873 413 1073 462 verberat
1094 433 1248 464 aurum
1262 453 1273 474 ‚

165 491 225 536 Et
248 488 484 537 tremulum
508 509 677 538 summa
701 491 873 556 spargit
895 490 942 538 in
965 491 1055 540 aede
1075 492 1219 557 jubar.

102 565 311 613 Vestibus
334 563 511 615 intactis
533 567 745 633 Tarpeias
767 567 858 615 itur
879 568 925 615 in
948 587 1092 617 arces:

167 644 228 690 Et
249 643 446 711 populus
467 644 582 693 festo
604 642 819 693 concolor
839 644 934 712 ipse
959 665 1042 694 suo
1067 658 1146 694 est.
1481 664 1526 698 80

101 722 287 787 Jamque
309 721 412 768 novi
434 733 632 788 praeeunt
652 721 816 779 fasces;
837 741 951 770 nova
972 741 1172 789 purpura
1195 722 1361 786 fulget3

167 798 227 845 Et
249 817 365 846 nova
388 799 675 864 conspicuum
696 797 897 865 pondera
919 799 1054 847 sentit
1076 800 1201 847 ebur.

108 872 236 921 Colla
256 874 388 923 rudes
412 893 594 940 operum
618 875 818 941 praebent
840 875 1035 923 ferienda
1052 876 1251 941 juvenci,

169 951 299 1013 Quos
326 949 436 998 aluit
457 951 623 1017 campis
645 951 784 1000 herba
805 951 975 1001 Falisca
1001 953 1105 1001 suis.

104 1026 304 1092 Jupiter,
327 1046 424 1075 arce
447 1046 524 1076 sua
546 1039 687 1076 totum
712 1047 849 1094 quum
872 1041 1040 1095 spectet
1059 1030 1106 1077 in
1129 1030 1282 1077 orbem
1297 1066 1309 1087 ,
1485 1047 1531 1082 85

106 1146 177 1188 lv,
189 1157 246 1189 vr,
257 1147 308 1191 74.
319 1145 507 1191 Optimum
520 1145 614 1179 enim
625 1144 784 1192 Corycus

106 1197 267 1231 mittebat
278 1224 287 1237 ,
306 1210 407 1232 mons
425 1196 566 1232 Cilicia.
579 1198 700 1241 Spica,
718 1209 786 1231 ca·-

106 1249 306 1294 pillamenta
321 1256 356 1284 et
367 1249 424 1283 fila
436 1250 548 1284 croci:
561 1248 640 1297 vide
651 1249 787 1283 Salma-

107 1303 198 1336 sium
214 1301 257 1336 ad
274 1302 385 1338 Solin.
400 1315 433 1348 p.
448 1303 520 1349 749.
541 1301 657 1335 Etiam
674 1299 786 1334 nardo

107 1358 208 1396 spice
229 1362 264 1388 et
282 1359 395 1388 an‘slae
419 1353 544 1399 passim
570 1353 785 1387 tribuuntur.

109 1404 258 1439 Bodaeus
270 1403 313 1439 ad
331 1404 610 1449 Theophrastem
621 1429 631 1446 ,
649 1416 682 1448 p.
697 1403 761 1437 662
775 1428 786 1446 ‚

110 1455 266 1490 hocloco
280 1455 413 1492 odores
422 1468 464 1490 ex
479 1467 583 1490 croco
595 1461 632 1489 et
645 1455 718 1489 aliis
727 1467 789 1488 re-

109 1507 173 1540 bus
183 1506 391 1551 compositos
397 1506 581 1552 intelligit:
590 1509 722 1540 sonitus
730 1518 789 1551 op·

111 1556 187 1591 timi
201 1557 293 1592 croci
307 1557 477 1591 indicium
489 1570 499 1598 3
510 1556 664 1600 Plinius,
677 1557 764 1591 XXI
776 1581 787 1599 ,

107 1609 141 1641 6.
154 1607 382 1654 Quamquam
391 1610 429 1644 in
440 1622 485 1644 eo
494 1615 531 1644 et
543 1609 594 1644 vis
603 1609 689 1643 boni
700 1610 791 1643 omi-

110 1660 174 1695 nis.
183 1661 361 1705 Tibullus,
379 1661 416 1697 11
427 1673 493 1705 ,ψη
510 1663 548 1697 8ι
565 1688 575 1706 ,
593 1676 611 1691 κ
625 1674 790 1697 succensa

112 1729 129 1742 a·
145 1712 248 1748 sacris
267 1714 415 1760 crepitet
430 1714 522 1748 bene
544 1714 663 1748 laurea
678 1713 789 1748 flam-

113 1780 130 1794 »
147 1766 224 1800 mis.
243 1781 322 1796 »—
340 1767 480 1808 Cernis,
510 1773 571 1801 aut
590 1769 707 1807 vides,
728 1772 789 1809 nt,

111 1818 411 1862 quemadmodum
423 1845 433 1862 ,
457 1819 614 1853 solemne
637 1819 674 1853 in
695 1819 791 1853 vivi-

111 1870 265 1905 dion-ibus
275 1870 575 1917 descriptionibus.
584 1872 764 1906 —Aumm
775 1897 784 1911 ‚

112 1923 254 1957 lacunar
264 1936 350 1957 auro
360 1923 563 1958 obductum.
574 1923 614 1959 Id
626 1923 713 1958 dum
725 1931 793 1958 tre·

115 1973 212 2007 mulo
233 1981 333 2008 motu
353 1975 485 2009 relucet
502 1976 547 2010 ab
560 1976 641 2022 igne
653 2002 664 2020 ,
677 1978 794 2011 serbe·

114 2029 187 2059 rati
194 2026 380 2071 splendore
394 2027 700 2071 flammaedicitun
714 2028 794 2063 Vir-

116 2075 308 2123 gil.Georg.
316 2077 382 2120 IV,
394 2077 472 2121 385,
485 2093 503 2108 ιι
512 2078 587 2113 Ter
594 2078 738 2114 flamma
748 2079 793 2114 ad

119 2143 137 2156 ι»
147 2133 327 2162 summum
348 2128 429 2162 tecti
448 2128 603 2173 subjecta
616 2129 760 2171 reluxi13
774 2144 794 2159 n

117 2178 211 2223 quod
228 2186 263 2213 et
277 2179 392 2225 ipsum
407 2186 483 2213 erat
498 2179 598 2214 fausti
613 2180 750 2214 ominis.

163 2242 214 2276 79.
232 2229 320 2264 Inde
331 2232 375 2264 ab
388 2242 482 2264 anno
494 2243 527 2264 u.
540 2231 657 2274 0601,
667 2244 738 2276 quo
746 2230 795 2276 Q.

118 2281 260 2316 Fulvius
270 2282 430 2316 Nobilior
439 2309 449 2326 ,
461 2283 505 2317 T.
516 2283 655 2318 Annius
666 2283 797 2318 Luscus

118 2331 285 2377 designati
306 2332 465 2368 eonsules
478 2360 488 2376 ‚
510 2333 591 2368 Kal.
612 2334 695 2369 Jan.
716 2334 797 2368 sre-

117 2385 239 2429 quenti
256 2386 386 2431 populo
398 2386 555 2421 comitati
569 2412 579 2429 ‚
597 2386 796 2421 adscende-

116 2435 200 2471 bant
216 2436 252 2470 in
274 2434 487 2481 Capitolium
506 2462 516 2479 ‚
539 2437 712 2482 sacrisque
736 2436 796 2470 sa-

117 2486 247 2520 ciendis
267 2487 395 2521 Jovem
416 2487 649 2523 conciliabant
669 2488 797 2534 reipu-

118 2537 225 2573 blice.
237 2537 373 2574 Confer
385 2539 455 2582 111,
469 2541 528 2584 ¹47
539 2555 549 2581 ;
562 2540 614 2576 IV
627 2553 668 2575 ex
679 2541 797 2575 Ponto

118 2598 172 2630 xv,
189 2589 321 2630 23-32;
341 2596 378 2624 et
394 2589 446 2624 lx
463 2615 473 2632 ‚
497 2590 573 2626 init.
591 2591 650 2625 ubi
673 2591 798 2625 eadem

120 2639 193 2674 sere
203 2665 213 2683 ,
231 2652 308 2685 quae
318 2640 375 2676 hic
383 2667 393 2684 ,
407 2642 676 2678 verbae—Atces
687 2644 798 2688 poetis

122 2699 156 2726 et
171 2699 328 2736 montes,
350 2700 387 2730 et
408 2695 538 2739 templa
555 2695 593 2729 in
617 2696 798 2730 montibus

123 2744 241 2789 posita.
253 2761 297 2771 -
305 2746 463 2788 Intactis,
482 2747 586 2791 puris.
602 2747 699 2782 Male
710 2760 798 2782 ver-

847 1157 925 1180 sum
938 1172 948 1189 ,
965 1149 1027 1180 mit
1039 1146 1276 1191 ungqfaerblen
1293 1148 1535 1184 cenanda.—

849 1199 1031 1239 Concolor,
1062 1198 1219 1234 candidis
1245 1200 1396 1235 vestibus
1414 1227 1424 1244 ,
1454 1214 1533 1246 quae

847 1247 999 1282 candido
1010 1274 1021 1291 ,
1046 1248 1082 1282 id
1098 1255 1171 1291 est,
1195 1250 1276 1284 laeto
1300 1250 1370 1285 diei
1393 1264 1530 1287 conve—

848 1298 973 1339 niunt3
993 1299 1027 1331 V
1039 1298 1144 1333 Trist.
1162 1310 1184 1332 v
1197 1324 1207 1341 ,
1226 1300 1268 1342 6,
1289 1299 1412 1334 eadem
1430 1304 1533 1338 vestis

852 1348 926 1382 alba
938 1375 948 1392 ‚
965 1361 1042 1393 quae
1059 1356 1134 1383 toto
1150 1350 1302 1384 sumitur
1317 1364 1412 1386 anno
1424 1379 1434 1395 ,
1451 1355 1533 1387 dis-

850 1400 1034 1444 colorsotzlr
1043 1409 1155 1447 poetae
1165 1405 1516 1449 matun—Purpura
1524 1434 1532 1445 ,

851 1453 915 1486 etsi
932 1465 973 1486 ea
989 1454 1149 1487 omnium
1166 1454 1433 1499 magistratuum
1453 1463 1534 1503 toga

851 1512 1037 1549 praetexta,
1055 1505 1245 1541 consularis
1260 1513 1378 1542 tamen
1396 1509 1537 1553 potissi-

852 1570 953 1591 mum
985 1557 1164 1603 dignitatis
1195 1558 1301 1594 decus
1332 1559 1537 1595 habebatur.

853 1607 1010 1650 Plinius,
1023 1621 1103 1654 pan.
1114 1608 1258 1653 LVIII,
1273 1612 1293 1644 5
1304 1635 1314 1653 ,
1324 1625 1343 1640 α
1355 1623 1538 1646 summum

855 1673 875 1689 υ
890 1671 1057 1704 purpurae
1080 1659 1187 1694 decus
1210 1674 1228 1690 ι
1248 1662 1448 1697 consulatus
1464 1689 1474 1706 ,
1501 1667 1557 1698 et*

854 1709 939 1744 LIX
951 1735 961 1753 ,
989 1724 1008 1743 2
1024 1736 1035 1753 ,
1060 1724 1077 1740 κ
1101 1710 1251 1745 induere
1274 1720 1478 1757 praetextam
1502 1721 1540 1749 et

857 1775 875 1791 ι
888 1759 1077 1796 ascendere
1086 1762 1246 1797 curulem
1256 1789 1267 1807 ,
1278 1778 1297 1793 υ
1307 1777 1447 1800 sumere
1457 1778 1539 1801 eon-

854 1813 1018 1846 sulatum.
1037 1830 1082 1839 ·-
1105 1814 1261 1847 pondera
1275 1841 1285 1855 ‚
1317 1815 1390 1861 ipse
1415 1817 1538 1852 consul

855 1864 976 1899 sellam
991 1865 1151 1899 curulem
1165 1879 1339 1911 premens.

900 1915 955 1950 83.
972 1917 1090 1949 audes
1107 1929 1242 1960 operum
1254 1945 1264 1959 ‚
1291 1919 1351 1964 qui
1374 1921 1539 1959 nondum

856 1968 981 2013 jugum
989 1968 1340 2006 samem—Faliscus
1347 1975 1441 2019 ager,
1449 1975 1540 2011 circa

857 2020 1030 2063 Falerios,
1048 2021 1200 2056 Etruriae
1220 2024 1390 2069 oppidum
1403 2053 1413 2071 ,
1429 2028 1539 2063 victi—

858 2072 926 2106 mis
933 2073 1115 2117 pascendis
1125 2073 1267 2109 dicatus.
1277 2075 1431 2112 Candidi
1440 2080 1539 2114 enim

857 2124 998 2169 juvend
1011 2132 1071 2159 aut
1085 2125 1191 2160 boves
1202 2127 1238 2160 in
1254 2128 1356 2163 sacris
1370 2130 1541 2173 praesere-

858 2177 988 2218 banmr
997 2176 1190 2218 ;.Clitumni
1200 2181 1440 2216 autemamnis
1450 2195 1541 2227 aqua

860 2235 978 2273 potata
993 2229 1162 2265 candidos
1175 2231 1280 2266 boves
1294 2232 1444 2268 reddere
1460 2247 1541 2268 cre-

861 2279 1031 2322 debatur-3
1057 2282 1211 2326 Plinius,
1233 2284 1269 2318 Il
1285 2308 1295 2327 ‚
1324 2286 1397 2319 103.
1415 2286 1540 2331 Itaque

861 2332 1011 2367 victima
1032 2333 1118 2368 inde
1143 2341 1181 2369 et
1205 2335 1358 2370 Romam
1382 2349 1541 2372 arcesse-

861 2384 928 2419 ban
935 2392 1011 2426 tur;
1025 2385 1208 2432 Virgilius,
1222 2387 1352 2434 Georg·
1363 2390 1380 2424 1
1394 2415 1403 2432 ,
1425 2390 1542 2433 146.—

862 2437 959 2476 Λα,
976 2435 1103 2471 domus
1117 2438 1217 2472 ,lovis
1229 2439 1266 2473 in
1282 2452 1423 2474 summo
1438 2442 1541 2487 caelo,

864 2489 880 2523 1
893 2488 1041 2523 Metam.
1056 2489 1117 2524 153
1126 2515 1143 2537 ‚¹
1151 2490 1245 2525 unde
1259 2491 1405 2538 despicit
1412 2500 1542 2535 terras;

864 2541 1013 2586 Virgilio
1024 2567 1033 2584 ,
1051 2541 1136 2575 AEn.
1150 2543 1185 2586 1,
1207 2543 1280 2577 223.
1295 2545 1409 2580 Possis
1419 2553 1542 2583 tamen

866 2591 1077 2638 Capitolium
1089 2593 1283 2641 intelligere
1292 2622 1303 2641 ,
1319 2597 1356 2632 in
1369 2598 1463 2643 quod
1474 2599 1544 2634 Ju-

863 2645 955 2691 piter
966 2645 1025 2679 illo
1041 2645 1098 2680 die
1110 2673 1120 2689 ,
1137 2654 1177 2682 ut
1191 2649 1295 2683 sacris
1305 2651 1376 2686 suis
1390 2652 1542 2687 interes-

864 2705 917 2732 set
925 2724 935 2741 ,
946 2697 1177 2735 descenderit.
1186 2701 1348 2748 Namque
1358 2704 1375 2739 1
1386 2704 1491 2738 Trist.
1505 2716 1543 2749 V,

865 2750 910 2795 69
919 2774 929 2792 ,
949 2749 1055 2785 etiam
1067 2750 1182 2786 Roma
1194 2766 1212 2782 κ
1224 2751 1268 2787 de
1282 2761 1416 2802 septem
1429 2762 1545 2791 totum
