1826 3054
539 222 610 267 IN
643 222 885 267 ovmn
917 222 1207 267 FASTOS.
1501 225 1592 288 479

162 316 474 384 expositurus,
510 315 716 364 tibicines
747 333 959 364 romanos
997 313 1236 381 aliquando
1268 316 1366 381 jura
1395 318 1594 384 quaedam

165 400 250 448 sibi
276 399 445 447 ademta
470 416 581 460 aegre
605 416 760 464 passos
779 395 924 445 Tibur
948 396 1167 446 exsulasse
1182 435 1194 455 ,
1230 399 1376 457 canit3
1408 400 1588 450 alterius

167 482 360 530 censoris
383 491 527 529 autem
550 480 712 529 astutia
727 517 739 537 ,
764 499 900 547 quum
924 479 1081 544 religio
1105 480 1197 545 ejus
1220 481 1283 529 rei
1304 494 1502 531 senatum
1525 496 1594 532 te-

167 576 311 621 neret,
338 575 472 630 potos
499 562 546 610 in
576 561 777 630 plaustro
808 574 947 611 noctu
980 563 1027 611 in
1060 562 1218 611 urbem
1255 564 1451 614 invectos
1473 584 1594 616 esse:

169 666 277 695 vers.
299 645 392 694 683
411 684 423 705 ,
450 647 511 694 ita
536 648 683 714 pergit
703 668 714 695 :

343 779 495 825 Jamque
513 793 575 825 per
595 778 770 826 Exquilias
786 792 970 815 romanam
986 780 1178 814 intraverat
1195 781 1318 815 urbem
1332 795 1342 824 ;

412 844 458 878 Et
475 856 579 878 mane
598 844 634 878 in
652 843 771 878 medio
788 843 939 889 plaustra
956 843 1058 878 fuere
1075 843 1166 878 soro.

342 906 519 945 Callt'dus,
541 912 581 939 ut
598 911 738 951 possent
754 905 866 950 specie
884 916 1105 949 numeroque
1122 911 1285 939 senatum
1530 905 1594 941 685

408 965 542 1000 Fallere
558 991 569 1009 ,
588 966 745 1011 personis
761 965 909 1010 imperat
928 977 989 999 ora
1006 965 1086 1010 tegi.

341 1025 592 1071 Admisce-tque
613 1024 718 1060 alios:
735 1032 770 1060 et
788 1033 829 1060 ut
846 1025 943 1060 hunc
961 1024 1103 1059 tibicina
1118 1031 1247 1059 coetum

406 1085 543 1130 Augeat
556 1111 565 1128 ,
584 1085 622 1119 in
640 1085 752 1131 longis
767 1085 920 1120 vestibus
936 1085 987 1119 ire
1006 1084 1115 1129 jubet.

341 1143 398 1178 Sic
418 1144 565 1178 reduces
582 1145 672 1179 bene
690 1157 789 1190 posse
807 1145 896 1190 tegi,
914 1156 961 1179 ne
976 1144 1070 1178 forte
1088 1150 1257 1179 notentur

409 1203 546 1239 Contra
566 1207 709 1250 Collega·
725 1206 817 1250 jussa
833 1204 962 1240 redisse
979 1210 1044 1240 sui.
1529 1204 1595 1251 690

166 1314 270 1363 Duo
287 1316 334 1363 in
354 1335 535 1365 censura
555 1316 732 1379 collegae
755 1330 860 1365 tunc
879 1316 1002 1364 fuere
1014 1355 1027 1372 ‚
1053 1316 1231 1382 Appius
1250 1314 1462 1364 Claudius
1479 1327 1523 1364 et
1541 1316 1592 1364 C.

166 1396 394 1457 Plautius3
418 1400 514 1447 Liv.
540 1401 583 1456 I,
609 1418 646 1447 c.
669 1401 871 1447 —Versu
897 1397 991 1464 690
1011 1398 1096 1446 sub
1114 1399 1269 1464 collega
1286 1399 1390 1465 qui,
1412 1418 1468 1447 ne
1494 1398 1594 1447 irri-

164 1490 259 1529 tum
280 1480 441 1529 faceret
464 1480 698 1529 consilium
711 1519 724 1539 ,
743 1482 947 1538 timetur,
971 1479 1092 1529 haud
1110 1480 1246 1529 dubie
1260 1481 1438 1547 Appius
1460 1480 1592 1530 Clau-

164 1562 265 1611 dius
285 1562 622 1626 intelligendus3
647 1564 701 1616 cf.
727 1583 767 1611 v.
792 1562 901 1610 663.
927 1561 1125 1611 Alterius
1146 1582 1310 1611 nomen
1332 1563 1379 1610 in
1404 1562 1593 1626 vulgatis

163 1645 311 1702 deest,
338 1644 412 1694 sed
439 1663 461 1692 e
484 1645 601 1693 varia
618 1644 805 1694 lectione
830 1644 1004 1693 Cautius
1022 1664 1106 1712 pro
1132 1643 1323 1693 Callidus
1332 1645 1591 1710 jamdudum

163 1727 347 1791 Pighius
371 1747 394 1776 e
419 1727 672 1792 conjectura
690 1727 942 1776 restituerat
959 1726 1177 1783 Plautius,
1200 1726 1325 1793 quod
1346 1727 1473 1776 unice
1492 1745 1591 1776 sen-

163 1826 262 1856 sum
284 1809 537 1874 praebebat‚
564 1828 702 1876 quum
725 1828 887 1857 nomen
903 1809 1138 1875 proprium
1154 1808 1218 1856 ibi
1242 1809 1490 1857 necessario
1515 1807 1590 1857 de-

165 1891 443 1940 sideraretur.
469 1894 509 1941 E
532 1893 676 1956 gentis
700 1891 884 1941 Plautiae
907 1911 1090 1940 nummo
1122 1892 1240 1956 (vid.
1270 1892 1429 1940 Ekhel.
1456 1892 1486 1940 l.
1511 1911 1547 1940 c.
1568 1894 1590 1954 )

163 1992 295 2039 quem
318 1974 412 2040 ipse
435 1974 481 2022 in
503 1975 687 2031 Museo,
714 1974 838 2040 quod
860 1973 1067 2023 Cassellis
1087 1986 1179 2033 est,
1209 1974 1409 2041 inspexi,
1432 1974 1514 2022 ubi
1535 1973 1590 2022 ad

165 2053 354 2121 lepidam
377 2056 489 2104 hanc
515 2055 829 2122 catastrophen
852 2055 1085 2114 alluditur,
1108 2057 1181 2104 vix
1205 2055 1391 2105 dubium
1417 2075 1591 2105 manere

165 2138 350 2204 poterit,
372 2137 595 2187 Plautium
610 2151 716 2187 tunc
725 2139 941 2187 restitntae
959 2139 1081 2205 pacis
1097 2150 1142 2186 et
1161 2139 1244 2206 piae
1256 2138 1423 2187 fraudis
1437 2150 1592 2188 aucto—

165 2240 256 2269 rem
280 2222 436 2279 suisse‚
459 2234 503 2270 et
528 2221 678 2284 Pighii
700 2222 994 2287 conjecturam
1018 2222 1144 2270 unice
1167 2233 1328 2270 rectam
1356 2239 1589 2288 veramque

166 2322 271 2352 esse.
301 2304 450 2352 Habet
470 2323 679 2353 nummus
703 2305 749 2352 in
774 2306 880 2353 Ant.
900 2304 1125 2354 Personam
1142 2305 1360 2361 mulierem,
1383 2305 1583 2374 inscript.

163 2388 214 2435 L.
241 2385 435 2435 Plautius
448 2407 464 2442 ;
495 2386 542 2434 in
573 2405 723 2435 averso
748 2398 890 2436 exstat
913 2389 1088 2435 Aurora
1108 2386 1220 2436 alata
1240 2399 1432 2454 quatuor
1448 2374 1587 2453 equos

164 2468 356 2525 ducens;
384 2468 640 2517 inscribitur
668 2468 864 2516 Plancus.
892 2469 1087 2517 Persona
1109 2468 1339 2517 muliebris
1362 2468 1417 2517 ad
1437 2469 1588 2534 jocum

166 2568 191 2597 a
219 2569 265 2598 se
287 2551 607 2613 excogitatum,
633 2552 806 2598 Aurora
845 2549 900 2598 ad
936 2562 1110 2616 tempus
1141 2550 1443 2616 catastrophes
1471 2549 1586 2598 allu-

166 2631 318 2689 debat,
340 2644 387 2680 et
407 2651 430 2680 a
455 2632 666 2696 dignitate
690 2632 832 2695 gentis
851 2651 939 2680 non
963 2631 1153 2680 alienum
1175 2644 1288 2690 erat,
1309 2633 1501 2680 nummis
1518 2633 1587 2680 in-

167 2713 324 2762 cudere
349 2733 493 2763 casum
518 2714 707 2781 aliquem
724 2752 736 2772 ,
762 2715 840 2782 qui
872 2714 974 2764 sesti
1004 2713 1188 2779 alicujus
1223 2715 1435 2764 Romanis
1458 2714 1584 2776 origo
