1826 3054
526 215 597 265 IN
629 214 872 258 OVIDII
905 214 1203 258 FASTOS.
1492 216 1578 278 475

160 329 272 377 opus
290 348 302 368 ‚
331 328 422 358 non
446 309 571 377 parvi
593 307 860 375 parandum,
889 326 982 356 non
1010 307 1065 356 ad
1090 326 1248 356 manus
1272 320 1409 366 esset,
1434 311 1585 375 potius

157 395 379 460 specimen
420 391 642 460 quoddam
680 392 898 441 fastorum
941 391 1058 439 inter
1100 410 1146 440 se
1175 404 1528 458 comparatorum
1562 412 1585 441 e

158 498 324 534 mense,
355 476 432 543 qui
454 476 684 525 uberiores
703 487 832 524 notas
850 475 1010 532 habet,
1038 475 1282 524 describere
1305 475 1439 523 volui.

222 561 283 607 ΙΙ.
318 561 514 607 Transeo
543 570 690 607 autem
720 558 775 607 ad
799 556 919 606 aliud
951 556 1269 624 qualecumque
1301 556 1550 605 subsidium
1570 594 1583 613 ‚

159 661 248 707 quo
272 641 327 688 ad
352 640 504 689 Ovidii
541 652 848 704 argumentum
885 651 1029 688 tamen
1064 640 1267 707 proxime
1301 639 1578 706 pertinente,

158 723 326 788 priores
342 722 606 790 interpretes
622 760 634 779 ‚
657 741 848 788 quorum
863 733 1061 788 tempore
1080 722 1274 770 tenebris
1289 722 1433 771 adhuc
1449 721 1586 769 obru-

159 817 250 852 tum
270 804 462 868 jacebat,
486 817 733 853 caruerunt.
753 806 782 853 J
786 805 942 853 oannis
956 804 1177 853 Laurentii
1190 804 1588 871 Philadelphiensis

156 885 273 955 Lydi
290 886 360 935 aio
377 885 642 952 opusculum
665 905 852 949 graecum
874 887 927 935 de
940 888 1172 936 mensibus
1186 924 1198 945 ‚
1220 887 1343 953 quod
1366 906 1388 934 e
1410 886 1588 934 (luobus

157 969 285 1016 codd.
310 969 538 1018 Barberin.
559 980 603 1017 et
625 970 767 1018 vatic.
794 983 899 1036 post
921 971 1145 1037 specimen
1168 969 1416 1019 exhibitum
1439 968 1484 1015 in
1504 969 1591 1016 Bi-

156 1050 347 1098 bliothelr.
376 1050 418 1098 d.
441 1051 672 1099 Littemlur
699 1072 739 1100 u.
766 1053 928 1100 Kunst.
965 1052 1098 1100 Slit'clt
1116 1091 1128 1108 ‚
1170 1070 1220 1118 7,
1254 1051 1417 1118 Lipsiae
1451 1050 1591 1098 edidit

156 1133 253 1181 Nic.
280 1134 469 1191 Schow‚
497 1134 612 1202 prof.
638 1135 930 1192 Hauniensis‚
958 1136 1094 1201 1794.
1111 1135 1259 1198 Quam
1283 1133 1469 1182 maxime
1484 1153 1590 1197 gau-

161 1214 244 1263 deo
260 1253 271 1272 ,
305 1216 393 1280 jam
416 1216 589 1282 pridem
611 1217 823 1264 Lenzium
846 1218 902 1263 V.
929 1217 979 1265 C.
1006 1217 1052 1263 in
1075 1216 1191 1264 libro
1214 1215 1419 1273 laudato,
1444 1214 1512 1263 vel
1535 1214 1591 1262 ad

163 1297 386 1362 specimen
411 1296 521 1346 illud
537 1336 549 1356 ‚
576 1298 697 1364 quod
718 1298 772 1346 ad
794 1298 883 1346 hoc
906 1310 1214 1360 argumentum
1237 1298 1440 1346 accedere
1462 1297 1594 1345 vide-

157 1379 264 1436 bat,
290 1379 485 1427 animum
510 1380 750 1428 attendisse
777 1381 959 1446 ejusque
983 1379 1080 1428 loca
1105 1398 1205 1427 cum
1228 1379 1392 1427 ovidio
1414 1398 1593 1445 compa-

157 1479 272 1508 rasse
288 1478 298 1517 ;
328 1460 462 1525 hujus
479 1472 626 1509 autem
643 1460 729 1508 loci
749 1461 1033 1528 potissimum
1053 1480 1147 1510 esse
1162 1461 1314 1527 putavi
1331 1498 1343 1519 ‚
1365 1461 1592 1527 quomodo

158 1542 246 1589 hoc
286 1541 501 1608 scriptore
532 1543 580 1589 in
616 1543 781 1591 ovidio
809 1543 1025 1591 utendum
1057 1545 1115 1592 sit
1136 1581 1149 1601 ‚
1178 1543 1332 1610 paucis
1364 1543 1589 1591 adnotare.

159 1623 374 1685 Congerit
386 1623 458 1670 hic
472 1622 610 1671 seculi
627 1624 739 1672 sexti
764 1624 1025 1691 compilator
1043 1625 1287 1673 adversaria
1302 1643 1380 1673 sua
1401 1645 1423 1674 e
1441 1624 1592 1673 multis

159 1705 454 1771 scriptoribus
471 1717 600 1753 antea
613 1705 703 1754 fere
722 1706 891 1768 ignotis
902 1744 915 1763 ‚
934 1717 1000 1764 et,
1025 1718 1077 1754 ut
1091 1706 1230 1754 multa
1243 1706 1398 1755 frivola
1409 1726 1594 1773 praeser-
1650 1744 1653 1745 ν

160 1786 239 1833 tim
262 1787 356 1834 sine
380 1787 501 1834 omni
526 1787 682 1837 ordine
705 1807 806 1836 eum
831 1788 1036 1837 exhibere
1061 1808 1191 1837 nemo
1215 1788 1385 1837 inficias
1409 1801 1505 1848 eat,
1529 1790 1594 1838 ita

158 1868 323 1933 passim
348 1868 444 1917 loca
466 1869 554 1918 hoc
583 1883 889 1934 argumentum
917 1870 1120 1937 praeclare
1147 1871 1414 1920 illustrantia
1442 1873 1483 1921 ei
1515 1873 1592 1922 de-

158 1950 257 1998 beri
273 1950 599 2000 concedendum
616 1964 694 2000 est.
708 1955 772 2002 Ut
783 1953 879 2002 fieri
898 1952 1013 2002 solet
1024 1954 1070 2001 in
1085 1954 1303 2018 ejusmodi
1311 1954 1590 2014 hominibus,

161 2051 209 2079 ea
224 2069 235 2087 ‚
270 2051 366 2097 quae
390 2032 591 2098 ipsorum
615 2046 740 2092 sunt,
761 2033 1026 2101 plerumque
1049 2035 1226 2102 quidem
1244 2056 1355 2084 vana
1377 2049 1422 2084 et
1441 2037 1593 2105 inepta

160 2114 462 2179 reperiuntur,
482 2115 559 2163 sed
572 2127 802 2164 servarunt
818 2116 950 2164 nobis
965 2118 1239 2184 optimorum
1257 2118 1387 2167 etiam
1402 2118 1593 2185 scripto-

161 2215 260 2243 rum
272 2233 284 2253 ‚
310 2215 424 2263 quos
442 2208 547 2245 tunc
566 2198 780 2264 temporis
797 2199 1003 2247 manibus
1017 2198 1163 2248 adhuc
1178 2199 1398 2259 terebant,
1416 2212 1593 2249 sentcn-

163 2277 247 2326 tias
270 2289 314 2325 et
337 2277 434 2326 loca
448 2316 460 2336 ‚
486 2291 538 2327 ut
561 2290 613 2327 ut
633 2279 854 2328 interdum
873 2279 1056 2328 confusa
1070 2293 1113 2329 et
1132 2281 1332 2339 turbata,
1356 2282 1402 2330 in
1425 2282 1592 2348 quibus

163 2360 447 2425 expediendis
469 2360 588 2409 haud
615 2380 715 2409 raro
744 2373 950 2411 nostrum
974 2381 1157 2412 acumen
1186 2375 1401 2412 exercent.
1427 2366 1481 2411 In
1503 2363 1592 2412 hoc

164 2453 343 2499 nostro,
369 2454 422 2490 ut
443 2443 490 2490 in
514 2463 602 2509 quo
624 2443 710 2492 alio
724 2481 736 2502 ‚
762 2456 887 2493 caute
909 2445 1173 2493 versandum
1194 2445 1301 2503 erit,
1322 2465 1460 2512 quum
1472 2446 1593 2494 haud

164 2522 289 2571 facile
315 2523 474 2591 aliquis
499 2537 660 2583 exstet,
678 2525 754 2592 qui
768 2545 838 2575 res
858 2526 1042 2574 maxime
1062 2526 1224 2576 alienas
1237 2528 1376 2591 magis
1389 2528 1590 2586 misceat,

170 2617 214 2652 et
239 2624 524 2673 quaecumque
546 2608 586 2655 ei
610 2607 724 2656 forte
749 2608 1086 2666 succurrebant,
1112 2609 1206 2658 sine
1225 2621 1343 2658 certa
1357 2610 1527 2658 ratione
1550 2621 1593 2658 et

168 2687 351 2735 consilio
372 2688 560 2753 jungat,
590 2689 651 2737 ita
685 2700 736 2737 ut
770 2702 892 2739 totus
919 2689 1033 2739 liber
1060 2691 1210 2756 potius
1247 2691 1593 2742 adversariorum
