1826 3054
285 249 344 294 26

648 253 703 297 P.
749 252 988 303 ovlml
1030 253 1333 300 NASONIS

342 342 579 410 Verbaque
601 343 850 395 honoratus
872 345 1014 397 libera
1036 360 1202 415 prator
1223 348 1372 398 habet.

277 420 362 469 Est
385 439 591 488 quoque,
618 442 710 491 quo
733 424 954 491 populum
975 425 1048 491 jus
1069 437 1136 476 est
1159 425 1389 476 includere
1410 427 1579 494 septis:

344 497 427 546 Est
448 517 627 566 quoque
642 538 655 558 ‚
680 501 758 568 qui
781 518 904 551 nono
928 519 1103 569 semper
1121 502 1180 552 ab
1202 503 1311 553 orbe
1335 502 1462 553 redit.

279 573 487 624 Vindicat
509 578 733 627 Ausonias
752 579 950 628 Junonis
972 598 1077 629 cura
1099 579 1346 629 Kalendas:
1663 594 1706 628 55

345 652 501 703 Idibus
521 654 619 704 alba
641 656 745 704 Jovi
767 656 976 720 grandior
998 676 1112 719 agna
1133 657 1253 708 cadit
1273 678 1284 706 :

280 731 504 781 Nonarum
530 733 665 787 tutela
688 735 787 784 Deo
808 746 927 784 caret
945 754 956 783 :
977 734 1189 785 omnibus
1212 734 1310 785 istis
1328 772 1342 792 ‚

342 806 410 857 Ne
433 809 581 859 fallare
606 829 707 860 cave
722 849 736 870 ‚
761 812 991 879 proximus
1013 824 1107 862 ater
1126 812 1225 862 erit.

282 885 428 934 Omen
449 886 505 935 ab
530 899 688 937 eventu
711 901 779 938 est
799 908 809 937 :
830 888 924 940 illis
944 909 1047 940 nam
1070 892 1218 941 Roma
1241 891 1402 941 diebus

347 963 519 1013 Damna
544 965 630 1014 sub
651 965 834 1016 adverso
860 967 1004 1018 tristia
1025 969 1170 1018 Marte
1195 967 1311 1019 tulit.
1668 984 1714 1018 60

325 1096 376 1132 53.
388 1097 590 1134 Macrobius
599 1125 609 1143 ‚
623 1114 640 1129 «
651 1098 856 1136 Comitiales
866 1126 876 1143 .
890 1100 963 1147 qui-

282 1163 299 1179 »
314 1149 379 1185 bus
392 1163 472 1185 cum
487 1152 618 1197 populo
629 1152 681 1199 agi
696 1152 795 1196 licet,
811 1168 827 1182 ι·
842 1152 877 1187 id
887 1160 939 1188 est
952 1179 961 1196 ‚

281 1201 373 1248 leges
388 1202 493 1249 ferri,
517 1204 656 1240 suaderi
678 1211 739 1240 3111
760 1204 963 1240 dissuaderi.

280 1253 352 1289 Sed
366 1255 493 1292 Noster
504 1283 514 1301 ‚
528 1264 568 1292 ut
579 1265 701 1304 poeta,
718 1270 797 1294 rem
806 1258 967 1294 sensibus

280 1306 428 1351 subjecit
439 1335 450 1353 ‚
466 1311 628 1354 populun
650 1312 821 1346 tha-ludere
835 1314 956 1355 septa.

282 1358 376 1404 quod
392 1373 434 1396 ex
447 1362 569 1409 Antiq.
589 1362 693 1399 Rom.
710 1363 969 1407 notant—Qu·

281 1422 370 1446 nono
382 1418 447 1448 ete.
461 1412 666 1449 Institntum
683 1420 758 1450 erat
773 1414 827 1449 vel
842 1427 862 1449 3
880 1414 963 1449 Ro·-

282 1463 399 1508 mulo,
415 1465 470 1501 vel
482 1492 492 1510 ,
509 1473 550 1502 ut
562 1466 618 1502 alii
629 1466 775 1503 tradunt
785 1493 795 1511 ,
809 1479 828 1502 a
839 1466 964 1502 Servio

283 1514 400 1553 Tullio
412 1544 422 1562 ,
441 1525 480 1554 ut
495 1526 574 1555 octo
590 1518 713 1556 diebus
727 1519 764 1556 in
781 1519 871 1567 agris
885 1532 966 1555 1-111-

281 1565 340 1602 tici
351 1579 438 1615 opus
449 1570 622 1617 facerent,
635 1584 734 1607 nono
743 1578 862 1607 autem
874 1583 965 1618 quo-

282 1633 351 1666 que
361 1620 418 1658 die
428 1622 471 1659 ad
481 1632 718 1660 mem-turam
730 1623 964 1660 exercendam

282 1673 445 1722 legesque
461 1676 677 1723 accipiendas
694 1677 848 1714 Romam
864 1676 966 1712 veni-

283 1733 373 1762 rent.
397 1726 490 1775 Lege
509 1729 701 1765 Hortensia
718 1727 883 1764 effectum
896 1754 907 1772 ,
926 1734 967 1763 ut

282 1778 359 1816 fasti
378 1788 495 1817 essent
516 1781 565 1817 illi
582 1781 655 1818 dies
668 1808 678 1825 ,
702 1782 828 1828 quibus
847 1780 967 1817 rustici

282 1831 359 1869 lites
370 1840 636 1880 componerent.
651 1833 807 1869 Cautum
823 1840 942 1869 tamen
955 1859 966 1876 ,

285 1898 329 1922 ne
355 1886 391 1922 in
418 1887 574 1933 primum
597 1886 683 1923 311111
708 1886 804 1922 diem
816 1913 826 1931 ‚
852 1892 912 1922 aut
927 1885 965 1920 in

284 1940 404 1976 Nonas
420 1940 591 1976 nundino
606 1940 785 1976 caderent.

327 1994 381 2027 55.
400 1990 457 2027 De
473 1993 654 2032 Kalendis.
673 1993 792 2027 Idibus
808 1997 845 2026 et
859 1992 968 2027 None's

282 2042 351 2079 vid.
368 2043 575 2081 Plutarchus
598 2044 734 2092 Quest-
755 2045 860 2081 Rom.
881 2051 967 2079 tom.

283 2096 358 2133 vu
369 2121 379 2140 ,
397 2108 473 2144 pag.
488 2109 535 2146 9⁰
546 2124 557 2143 ‚
574 2097 657 2134 edit.
672 2097 788 2134 Reisk.
800 2097 966 2133 Mensem

282 2149 445 2185 lunarem
456 2149 628 2197 peperisse
638 2149 729 2186 bane
736 2149 943 2185 divisionem
955 2175 966 2193 ,

283 2200 387 2238 docet
400 2200 529 2246 ldeler,
546 2215 579 2249 p.
593 2201 670 2237 350.
688 2201 740 2237 Ut
750 2202 834 2236 Idus
843 2212 968 2235 omnes

281 2253 365 2290 Jovi
380 2280 392 2299 ,
417 2254 468 2290 ita
491 2265 617 2290 omnes
643 2256 804 2290 made
830 2253 968 2289 Junoni

284 2304 423 2342 tributo
441 2319 452 2348 ς
478 2305 681 2342 Macrobius
692 2333 702 2350 ,
730 2306 771 2350 1,
795 2309 843 2342 15.
867 2306 966 2341 Olim

283 2359 382 2395 enim
405 2359 449 2395 ab
465 2366 589 2396 exortu
612 2359 705 2395 tuna
728 2358 868 2394 initium
892 2364 968 2394 erat

285 2410 483 2454 mensium
502 2411 640 2448 Lunam
657 2418 775 2447 autem
791 2418 827 2447 et
842 2410 969 2447 ,111110-

286 2474 369 2497 nem
396 2462 560 2499 eamdem
590 2463 770 2511 putabant.
799 2461 969 2499 Kalendis

285 2515 391 2561 igitur
405 2515 569 2552 omnibus
582 2514 745 2552 Pontifex
760 2515 880 2551 minor
890 2541 900 2559 ‚
916 2520 969 2550 at-

286 2579 354 2612 que
372 2566 508 2613 Regina
521 2578 702 2604 sacrorum
719 2579 796 2602 rem
810 2566 967 2602 divinam

285 2617 423 2663 Junoni
447 2619 630 2655 faciebant.
654 2638 699 2647 -
725 2620 797 2656 Pro
820 2620 969 2655 Jnaeoaeezr

286 2671 454 2707 Heinsius
465 2671 615 2708 malebat
625 2671 969 2709 laonia-Katen-

286 2724 347 2760 1131
360 2750 371 2768 ,
396 2723 567 2760 Romanis
586 2726 742 2771 proprias
754 2751 764 2768 ,
785 2724 870 2759 dixit
886 2725 969 2760 An-

286 2779 420 2819 sont'aes,
447 2783 486 2812 ut
503 2788 588 2812 vers.
610 2789 621 2812 1
639 2802 648 2821 ,
670 2789 806 2812 3111111111
823 2777 969 2812 Late‘cm.

1029 1101 1249 1147 Frequentat
1259 1101 1389 1137 Noster
1399 1100 1465 1137 hoc
1477 1114 1622 1136 nomen.
1632 1101 1714 1136 Pes-

1028 1159 1084 1187 tus
1099 1165 1108 1187 :
1127 1166 1144 1181 ··
1162 1151 1357 1188 Ausoniam
1373 1152 1556 1199 appellavit
1570 1154 1689 1188 Auson
1700 1179 1711 1194 ‚

1029 1217 1047 1234 ὀ
1066 1203 1201 1252 Ulyssis
1224 1210 1260 1239 et
1289 1202 1460 1252 Calypsus
1486 1203 1577 1239 filius
1595 1230 1606 1248 ,
1633 1216 1711 1239 eam

1031 1270 1049 1286 ι·
1065 1263 1202 1303 partem
1220 1255 1348 1299 ltalia,
1372 1257 1408 1291 in
1425 1268 1494 1302 qua
1514 1256 1617 1291 urbes
1633 1255 1711 1292 Be-

1029 1324 1046 1340 »
1064 1316 1260 1344 neventum
1276 1317 1312 1344 et
1330 1307 1433 1344 Cales
1450 1321 1458 1343 ε
1476 1307 1605 1344 deinde
1627 1320 1712 1355 pau-

1030 1377 1048 1392 »
1066 1361 1163 1396 latim
1185 1368 1259 1397 tota
1282 1361 1380 1396 ltalia
1399 1360 1490 1396 dicta
1507 1361 1675 1396 Ausonia.
1694 1375 1710 1390 ιο

1031 1414 1164 1463 Heynii
1180 1427 1311 1451 exeun.
1328 1412 1393 1456 lv,
1412 1412 1454 1449 ad
1472 1412 1555 1448 AEn.
1574 1413 1710 1448 vn.—

1029 1467 1203 1502 Nonam·
1249 1473 1352 1507 carr-t,
1369 1465 1483 1500 forma
1495 1465 1710 1512 exquisitior,

1030 1532 1136 1566 quam
1149 1546 1159 1564 ,
1183 1519 1295 1556 Nona
1315 1518 1422 1555 tutela
1441 1518 1509 1554 Dei
1525 1524 1657 1553 carent.
1669 1536 1713 1543 —

1034 1573 1199 1608 Omnibus
1211 1576 1290 1608 Μὴ
1305 1580 1370 1608 etr.
1385 1571 1525 1607 Omnes
1541 1570 1615 1607 dies
1626 1597 1635 1614 ,
1654 1571 1714 1616 qui

1030 1624 1196 1671 postridie
1220 1632 1322 1661 erant
1345 1624 1546 1668 Kalendas,
1573 1624 1692 1659 Nonas
1707 1650 1716 1665 ‚

1032 1676 1116 1715 Idus
1134 1677 1222 1724 (dies
1233 1678 1493 1725 postriduauos)
1505 1704 1515 1720 ,
1527 1676 1603 1712 Pon
1609 1675 1717 1711 tifices

1031 1736 1143 1771 atros,
1167 1730 1336 1765 infaustos
1349 1755 1360 1772 ,
1384 1727 1564 1764 habendos
1577 1734 1717 1763 statue-

1032 1789 1140 1827 runt,
1166 1794 1296 1830 nempe
1322 1784 1367 1817 ab
1393 1786 1521 1816 ereata.
1542 1778 1716 1815 Veterum

1031 1837 1128 1872 enim
1139 1835 1339 1883 superstitio
1350 1833 1393 1871 ad
1405 1834 1480 1871 dies
1492 1831 1694 1869 attendebat
1707 1859 1715 1874 ,

1033 1889 1159 1935 quibus
1174 1888 1299 1924 iisdem
1310 1914 1319 1932 ,
1337 1887 1397 1924 sed
1414 1886 1634 1922 diversorum
1653 1898 1718 1919 an-

1031 1947 1185 1986 norum,
1212 1954 1268 1976 res
1291 1938 1467 1975 mirabiles
1489 1937 1713 1975 accidissent;

1033 1994 1195 2030 AElianus
1202 1995 1286 2030 Var.
1297 1993 1389 2029 Hist.
1403 1992 1438 2028 11
1451 2018 1461 2035 ,
1480 1993 1533 2026 15.
1545 1990 1715 2028 Romanis

1032 2054 1242 2134 23‘23153?
1253 2041 1715 2131 ffi‘ssrffl'ss'iffdffiii?

1032 2164 1101 2198 que
1118 2150 1191 2187 aliis
1206 2123 1288 2185 lcicis
1304 2161 1421 2196 pugna
1435 2146 1524 2182 male
1540 2120 1688 2182 :temerat
1703 2159 1711 2183 ;

1032 2203 1166 2239 Gellius
1182 2203 1284 2239 Noct.
1302 2202 1375 2238 Au.
1393 2201 1440 2245 V,
1462 2212 1519 2245 17,
1533 2212 1574 2235 ex
1584 2198 1713 2234 Verrio

1034 2256 1168 2293 Flacco.
1186 2274 1231 2283 —
1246 2255 1474 2292 Burmann·
1498 2251 1554 2287 bic
1579 2257 1614 2286 et
1642 2251 1715 2286 aliis

1033 2307 1241 2355 quibusdam
1260 2305 1343 2342 locis
1358 2303 1585 2349 daaensem
1600 2315 1665 2349 pro
1681 2304 1713 2337 d.

1022 2360 1145 2406 facem
1172 2359 1287 2395 notari
1310 2357 1384 2394 vult
1398 2372 1406 2399 ς
1434 2357 1566 2393 bonam
1594 2362 1716 2391 tamen

1031 2425 1104 2448 esse
1122 2411 1337 2447 locutionem
1352 2436 1362 2453 ‚
1387 2416 1426 2444 ut
1434 2407 1717 2452 [Mutinensem.

1034 2463 1211 2511 Compara
1234 2462 1340 2498 etiam
1366 2463 1582 2496 calamitates
1595 2458 1690 2503 sern-
1709 2486 1715 2493 .

1030 2514 1125 2561 quod
1142 2522 1178 2550 et
1195 2513 1354 2557 afficere,
1379 2519 1414 2548 et
1430 2510 1521 2547 affici
1537 2510 1696 2545 calamita
1711 2529 1715 2533 ⁴

1033 2568 1125 2603 tibus
1147 2565 1329 2613 significat.
1354 2565 1416 2601 Illa
1442 2571 1562 2599 autern
1584 2562 1715 2597 damna

1032 2619 1146 2655 verbis
1160 2617 1339 2664 nesaellaen
1348 2628 1431 2653 care
1443 2616 1551 2651 vitare
1566 2615 1718 2660 jubet.—

1034 2671 1205 2716 Exrerpta
1217 2669 1331 2705 vossii
1340 2696 1349 2709 ,
1364 2674 1497 2714 septem
1510 2665 1586 2702 cod.
1597 2665 1718 2701 111111-

1034 2723 1082 2757 tio
1102 2720 1252 2770 Gryphii
1271 2732 1388 2756 ’ωηο
1408 2720 1522 2754 nme
1540 2718 1715 2754 exhibent.

1036 2775 1172 2821 Nempe
1204 2774 1341 2808 adversi
1367 2771 1426 2807 Dii
1458 2778 1539 2807 sunt
1571 2770 1683 2805 infesti
1706 2796 1713 2809 ,
