1826 3054
544 208 929 253 FASTORUM
964 209 1091 252 LIB.
1126 209 1214 252 lv.

255 305 355 351 Non
378 321 539 369 poscor
559 302 721 350 frustra
736 340 748 359 ,
769 301 807 349 si
829 301 944 350 favet
965 300 1077 349 alma
1099 300 1250 359 Pales;

189 379 316 427 Alma
338 379 498 435 Pales‚-
512 378 654 427 faveas
674 378 864 446 pastoria
887 396 1006 426 sacra
1030 378 1200 426 canenti
1214 415 1227 434 ‚

252 458 503 522 Prosequor
524 455 670 504 officio
692 456 728 503 si
749 466 823 504 tua
845 455 955 503 festa
976 455 1066 521 pio.

189 534 314 581 Certe
337 552 416 596 ego
440 533 493 579 de
513 532 652 581 vitulo
675 533 889 589 cinerem,
912 531 1185 598 stipulasque
1208 530 1400 590 sabaIes,
1529 548 1595 591 725

252 612 373 676 Saepe
398 609 480 657 tuli
502 608 655 675 plena,
678 607 834 656 februa
853 621 993 666 casta,
1010 616 1163 656 manu.

189 689 315 736 Certe
337 706 421 749 ego
444 687 643 735 transilui
663 687 831 753 positas
853 697 920 734 ter
942 685 988 732 in
1013 684 1165 732 ordine
1187 685 1402 743 flammas;

253 763 473 829 Virgaque
496 774 664 810 roratas
684 761 829 811 laurea
853 762 972 810 misit
993 780 1140 828 aquas.

183 902 258 933 abit
275 902 481 944 eton’tutque
490 925 499 935 .
533 897 627 943 quod
651 897 859 932 Taubnerus

184 952 287 986 metri
304 964 403 986 causa
419 951 525 985 malit.
541 969 585 977 --
597 951 743 990 Poscor,
771 949 858 984 ordo

186 1017 306 1039 rerum
314 1004 410 1048 jubet
419 999 475 1037 me
484 1003 603 1038 Palilia
612 1015 747 1038 canere.
758 1003 865 1037 Posci

186 1057 332 1091 verbum
346 1056 501 1091 solemne
519 1054 561 1088 de
577 1054 616 1088 iis
629 1080 639 1097 ,
654 1054 712 1098 qui
734 1066 859 1088 canere

187 1117 247 1144 aut
263 1109 376 1144 dicere
393 1108 581 1152 jubentur;
606 1107 641 1140 V
661 1106 750 1140 Met.
770 1106 835 1140 333
848 1131 859 1149 ,

187 1163 361 1196 Poscitnur
384 1162 536 1195 Aonides
551 1171 564 1201 ‚·
591 1158 760 1193 Horatius
777 1184 787 1200 ,
815 1158 833 1192 I
848 1184 858 1200 ,

191 1213 263 1247 od.
274 1224 396 1254 xxxii,
415 1226 428 1246 ι
442 1238 451 1254 ,
463 1211 505 1245 ad
518 1211 649 1258 lyram,
667 1213 859 1251 Ponam,-

188 1265 266 1300 vide
292 1266 339 1300 ibi
363 1264 573 1299 Bentleium.
588 1282 632 1290 —-
648 1265 724 1297 Non
739 1276 863 1307 poscor

178 1318 332 1361 frustra,
360 1317 504 1351 idoneus
528 1329 607 1351 sum
627 1316 667 1351 iis
686 1314 860 1356 canendis.

189 1369 415 1403 Burmannus
436 1367 601 1402 suadebat
624 1380 691 1401 non
708 1366 860 1411 posi-ar,-

188 1421 262 1456 siue
285 1433 395 1455 causa.
410 1438 455 1446 -
471 1420 542 1454 Pro
551 1423 707 1463 pastoria
722 1418 777 1453 alii
786 1431 861 1463 pa—

187 1481 333 1514 storuae‚·
353 1472 530 1515 Tibullus,
549 1471 642 1506 dicto
659 1471 735 1506 loco
747 1498 758 1515 ‚
773 1485 860 1506 vers.

189 1524 229 1567 87
243 1536 252 1557 :
270 1538 288 1552 «
302 1523 375 1558 Sua
389 1522 476 1558 festa
490 1522 611 1557 Palilia
628 1529 744 1568 pastor
759 1521 859 1556 Con-

189 1589 208 1604 »
223 1575 327 1609 cinet.
340 1590 357 1604 n
375 1575 488 1609 Porro
503 1574 605 1608 multi
621 1573 771 1616 habent,
781 1586 863 1618 pen-

187 1640 307 1671 seqnor
318 1626 439 1672 ffcio.
457 1627 594 1672 Nempe
609 1626 754 1672 officim
766 1639 862 1661 nunc

187 1678 345 1712 cernitur
360 1678 398 1712 in
417 1677 651 1712 describendis
669 1678 732 1712 illis
748 1678 860 1713 sacris.

189 1729 264 1774 Qui
289 1737 407 1764 autem
428 1729 578 1774 singulas
604 1728 785 1774 cujusdam
810 1729 862 1764 rei

190 1788 303 1825 partes
310 1780 433 1816 ordine
445 1780 587 1826 explicat
598 1807 609 1822 ,
622 1781 649 1815 is
659 1794 737 1815 eam
750 1788 863 1825 etper-

190 1837 286 1876 sequi
301 1840 337 1867 et
351 1837 511 1878 prosequi
527 1833 684 1867 oratione
709 1833 835 1867 dicitur
850 1848 861 1875 ς

193 1882 270 1916 vide
285 1882 327 1916 ad
341 1883 374 1917 ΙΙ
387 1909 397 1926 ,
418 1887 456 1918 15
469 1910 479 1926 ,
496 1884 554 1918 ubi
569 1884 692 1918 eadem
707 1885 863 1920 varietas.

196 1934 375 1979 Quoniam
394 1942 510 1970 autom
524 1935 636 1981 qffi'cio
650 1950 745 1972 nunc
759 1938 862 1971 simul

195 1986 336 2021 honoris
342 1986 489 2021 habendi
496 1987 595 2022 notio
599 1988 703 2032 inest,
710 1997 864 2035 propter·

195 2052 235 2073 ea
239 2036 684 2084 pmsequorpn‘eserendum
695 2042 843 2076 videtur.

240 2095 313 2135 725.
330 2092 371 2126 ln
388 2092 642 2137 precationibus
655 2101 808 2137 veteres,
823 2102 864 2129 ut

195 2144 377 2179 flecterent
393 2144 508 2187 Deos,
525 2146 660 2190 pietatis
679 2158 750 2180 suae
768 2146 864 2192 signa

193 2209 470 2230 commemorare
493 2196 650 2231 solebant
667 2223 679 2240 ,
703 2197 797 2242 quod
823 2210 865 2232 ex

194 2247 355 2281 Homero
364 2273 374 2289 ,
387 2247 572 2291 multisque
584 2246 746 2293 deinceps
756 2248 864 2292 poetis

193 2306 318 2333 notum
334 2306 394 2333 est.
415 2299 519 2333 Nunc
540 2298 680 2343 quidem
701 2306 802 2344 poeta
825 2312 865 2333 ea

195 2351 292 2396 signa
306 2352 409 2395 jactat
422 2377 432 2394 ,
450 2363 527 2396 quae
542 2351 584 2385 ad
600 2350 671 2385 haec
686 2352 756 2396 ipsa
771 2365 865 2386 sacra

197 2402 392 2447 pertinent,
410 2410 446 2437 et
465 2404 499 2436 in
516 2416 578 2447 sqq
597 2410 866 2448 repetuntur.—

199 2453 340 2488 Voculae
347 2457 385 2488 si
389 2453 559 2488 varietatis
569 2466 669 2489 causa
680 2467 773 2489 nunc
781 2455 866 2488 sub-

199 2505 308 2539 stituit
321 2511 419 2539 certe.
431 2522 475 2531 ——
489 2505 545 2539 De
566 2509 675 2540 cinere
690 2506 748 2540 illo
767 2505 865 2539 vituli

199 2556 276 2591 vide
291 2569 393 2602 supra
417 2557 479 2601 637
502 2570 591 2603 sqq;
618 2558 863 2601 adhibebatur,

200 2615 284 2642 utet
291 2609 561 2654 stipulaesabales
567 2610 637 2646 scil.
647 2609 767 2645 fabalia
777 2636 788 2652 ,
799 2610 866 2645 sus-

200 2658 432 2704 faminiam,
445 2673 532 2695 vers.
544 2661 607 2707 733
620 2674 658 2706 sq
670 2675 679 2702 ;
696 2660 754 2695 sed
770 2660 866 2695 addit

193 2711 328 2754 februa.
352 2711 520 2755 piamina,
547 2712 582 2747 Π
596 2739 606 2755 ‚
627 2726 687 2759 19,
713 2711 793 2756 quia
809 2711 865 2746 illa

921 898 994 944 ipsa
1007 897 1209 936 suffimenta
1223 898 1294 932 vim
1307 898 1479 944 purgandi
1491 899 1599 934 habe-

921 950 1015 984 bant.
1030 950 1112 984 Jam
1130 950 1303 984 Romulus
1314 977 1323 993 ,
1341 964 1448 995 quum
1466 951 1501 985 id
1518 959 1603 996 age-

915 1008 976 1035 ret
991 1027 1002 1044 ,
1014 1008 1054 1035 ut
1066 1001 1191 1035 urbem
1203 1001 1371 1036 conderet
1383 1028 1393 1044 ,
1411 1003 1508 1048 ignes
1519 1011 1600 1038 ante

923 1052 1074 1086 tentoria
1094 1051 1259 1094 accendi,
1280 1053 1518 1098 populumque
1535 1067 1602 1089 ex-

924 1104 1084 1150 piationis
1114 1117 1215 1138 causa
1246 1104 1417 1139 transilire
1444 1106 1603 1141 flammas

922 1157 1022 1201 jussit
1036 1171 1044 1197 ;
1065 1156 1255 1204 Dionysius
1276 1156 1368 1192 dicto
1390 1157 1479 1192 loco.
1501 1158 1603 1193 Idem

925 1221 1009 1254 ergo
1026 1216 1062 1243 et
1084 1217 1160 1255 post
1180 1209 1313 1253 tenuit,
1332 1217 1373 1244 ut
1387 1211 1490 1246 sacris
1508 1224 1604 1256 epu-

924 1258 1033 1304 lisque
1050 1260 1196 1305 peractis
1214 1260 1324 1303 (vers.
1342 1262 1401 1305 781
1414 1262 1523 1306 sqq),
1540 1262 1605 1296 sti-

925 1308 1086 1356 pularum
1099 1318 1133 1346 et
1143 1311 1227 1346 soeni
1240 1312 1352 1347 acervi
1365 1313 1603 1349 accenderen-

925 1370 983 1398 tur
992 1363 1216 1398 transiliendi.
1226 1364 1340 1398 Varro
1350 1378 1359 1399 :
1370 1380 1389 1395 σι
1398 1366 1518 1407 Palilia
1527 1374 1601 1401 tam

925 1430 943 1445 ιι
960 1414 1096 1461 publica
1105 1442 1115 1458 ,
1127 1428 1232 1461 quam
1246 1415 1379 1461 privata
1390 1424 1482 1452 sunt.
1495 1417 1543 1452 Et
1551 1425 1604 1454 est

926 1481 944 1498 »
961 1478 1071 1512 genus
1086 1466 1266 1512 hilaritatis
1281 1475 1316 1502 et
1327 1468 1421 1504 lusus
1434 1469 1526 1515 apud
1539 1484 1604 1504 ru·-

926 1534 945 1550 »
960 1520 1062 1554 sticos
1072 1545 1083 1562 ,
1098 1527 1139 1554 ut
1153 1521 1323 1566 congestis
1335 1534 1418 1556 cum
1431 1521 1526 1556 foeno
1539 1523 1603 1557 sti·

928 1585 946 1602 n
963 1571 1051 1617 pulis
1059 1571 1197 1617 „ignem
1207 1584 1375 1617 magnum
1386 1573 1580 1608 transiliant
1590 1600 1601 1616 ,

926 1637 945 1654 ²»
962 1623 1015 1658 his
1022 1623 1231 1671 Palilibusse
1243 1625 1371 1670 expiari
1380 1625 1572 1660 credentes.
1582 1642 1600 1656 ι»

926 1675 1004 1722 Alia
1020 1675 1179 1711 dabim‘us
1192 1676 1235 1715 ad
1247 1690 1335 1711 vers.
1350 1679 1422 1722 781.
1433 1678 1601 1712 Heinsius

923 1729 1113 1773 stipulaque
1119 1728 1314 1774 sabalilegi
1328 1730 1474 1764 volebat.
1483 1732 1602 1765 Faba-

925 1781 1006 1824 lium
1019 1778 1291 1824 siliquarumque
1309 1783 1451 1815 carerem
1465 1781 1503 1816 in
1523 1794 1602 1815 me-

925 1829 1131 1876 dicamentis
1142 1831 1283 1876 quidem
1295 1833 1385 1867 Ptin.
1397 1833 1522 1877 xxll,
1535 1834 1599 1881 69,

925 1890 1119 1926 memorat,
1129 1884 1189 1919 sed
1200 1884 1365 1929 eumdem
1375 1886 1480 1920 etiam
1489 1886 1525 1920 in
1534 1886 1601 1921 suf-

927 1934 1082 1969 fimentis
1097 1941 1156 1968 aut
1171 1934 1300 1969 februis
1314 1931 1415 1970 fuisse
1431 1948 1503 1970 non
1521 1937 1601 1971 alibi

926 2000 984 2021 me
998 1987 1113 2032 legere
1129 1988 1287 2022 memini.
1299 2006 1344 2014 ·-
1353 1984 1469 2022 Lauro
1480 1995 1599 2023 autem

925 2039 1022 2074 hunc
1036 2052 1139 2074 usum
1156 2039 1278 2083 fuisse,
1298 2054 1408 2086 quum
1426 2042 1476 2076 vis
1493 2055 1600 2076 aver—

926 2090 1098 2125 runcandi
1107 2091 1139 2126 ei
1149 2091 1259 2128 inesse
1271 2093 1485 2137 crederetur,
1498 2094 1600 2130 docet

931 2140 1078 2177 casaub.
1091 2143 1134 2177 ad
1145 2140 1374 2190 Theophrast.
1387 2146 1535 2182 charact.
1550 2147 1599 2182 16.

931 2191 978 2227 Εἰ
996 2205 1095 2228 ramo
1117 2194 1205 2229 lauri
1224 2196 1428 2242 adspergere
1446 2212 1483 2233 se
1501 2200 1599 2235 sole-

929 2243 1013 2278 bant
1037 2256 1124 2289 aqua
1147 2245 1299 2289 lustrali,
1319 2247 1410 2283 insra
1434 2251 1491 2294 V,
1511 2251 1574 2295 577
1587 2265 1598 2287 t

934 2295 1068 2340 Uda-fit
1086 2298 1165 2331 blac
1177 2299 1293 2334 laurus
1302 2313 1313 2333 :
1327 2303 1423 2334 lauro
1435 2315 1603 2347 spargun-

928 2354 985 2382 tur
993 2350 1042 2395 abv
1050 2351 1130 2383 uda.
1146 2348 1371 2395 Quamquam
1384 2352 1482 2386 olivae
1494 2354 1601 2389 etiam

929 2401 1017 2435 rami
1028 2399 1188 2434 eamdem
1196 2402 1231 2435 in
1242 2415 1318 2436 rem
1329 2403 1600 2450 adhibebantur;

930 2453 1071 2487 AEneid.
1084 2454 1136 2488 Vl
1149 2478 1160 2495 ‚
1178 2466 1262 2500 ²²9²
1275 2469 1293 2483 κ
1311 2455 1412 2490 Idem
1424 2458 1600 2495 tersorios

931 2518 949 2536 n
963 2518 1050 2550 pura
1065 2506 1274 2540 circumtulit
1292 2507 1410 2551 unda,
1427 2508 1602 2555 Spar-gens

932 2570 950 2586 ιι
965 2569 1044 2590 rore
1064 2555 1131 2599 ,levi
1157 2564 1193 2591 et
1210 2570 1309 2591 ramo
1329 2558 1436 2604 felicis
1453 2561 1560 2604 olivae.
1579 2577 1598 2592 n

932 2607 1048 2643 Etiam
1059 2606 1126 2642 hoc
1137 2607 1212 2643 loco
1223 2608 1320 2655 MSS
1333 2612 1416 2650 uda,
1433 2612 1526 2656 quod
1537 2626 1598 2647 ve-

930 2673 972 2694 ro
985 2660 1151 2696 Heinsius
1163 2661 1201 2696 in
1217 2664 1312 2706 virga
1326 2664 1484 2699 mutavit.
1492 2664 1523 2698 F
1523 2672 1600 2698 orte

930 2711 1078 2747 alterum
1093 2713 1337 2748 revocandi-m.
1352 2733 1397 2741 —
1410 2715 1464 2750 De
1480 2720 1600 2750 roratis
