1826 3054
515 258 588 303 IN
620 257 869 301 ovxnn
903 255 1204 301 FAsTos.
1481 258 1565 313 465

156 372 271 420 quos
295 352 507 408 diximus,
532 352 764 399 Fastorum
787 348 915 399 libris
938 361 1136 397 mutuam
1158 350 1336 416 accepit.
1363 349 1424 398 Et
1447 351 1576 399 lucu-

157 434 296 483 lenter
319 435 404 482 hoc
429 452 482 482 ex
506 452 558 480 eo
579 443 786 499 apparet,
812 430 933 497 quod
962 449 1051 478 non
1079 430 1225 479 solum
1248 431 1296 479 in
1320 432 1572 498 explicanda

156 517 302 583 aliqua
326 536 371 564 re
392 515 564 564 easdem
588 534 760 581 semper
777 534 875 562 cum
898 512 987 561 illis
1007 514 1166 562 referre
1185 513 1299 563 solet
1316 515 1575 572 sententias,

159 599 235 646 sed
256 598 493 664 saepissime
525 597 639 645 idem
673 609 718 645 et
745 597 898 645 eodem
921 596 1019 644 loco
1043 607 1087 644 et
1108 596 1288 653 ordine,
1314 617 1404 664 quo
1428 597 1492 644 illi
1517 599 1580 645 as-

160 683 270 729 serre
292 680 445 729 solent.
472 681 644 728 Docent
664 679 749 727 hoc
768 679 833 727 vel
855 679 1009 727 breves
1028 679 1172 727 Verrii
1194 679 1499 729 adnotationes
1525 681 1579 728 ad

160 764 277 810 fast.
303 764 346 820 I,
374 761 456 823 45;
482 761 597 810 cons.
618 762 801 809 Verrius
822 761 877 809 ad
899 761 941 808 d.
966 778 994 807 2
1016 763 1114 809 Jan.
1140 761 1195 808 ad
1214 763 1307 820 III,
1338 779 1398 828 97
1424 783 1435 810 ε
1465 763 1577 809 conf.

162 846 288 893 Yerr.
314 845 441 892 initio
463 844 613 893 Martii
638 844 823 901 mensis,
850 843 929 892 ubi
952 843 1039 892 sere
1065 843 1211 892 eadem
1240 843 1395 892 iisdem
1422 845 1582 892 verbis.

167 927 291 975 Adde
311 926 447 974 multa
470 946 518 975 ex
536 927 614 982 iis,
642 946 737 992 quae
759 938 913 992 postea
936 945 988 974 ex
1006 927 1161 974 Ven-io
1182 928 1491 992 excerpsimus.
1509 927 1583 974 Ad

167 1009 377 1056 Ovidium
396 1009 449 1056 de
467 1008 696 1056 mensibus
718 1007 885 1074 Aprili,
910 1008 1032 1056 Maio
1056 1020 1096 1055 et
1113 1009 1251 1056 Junio
1272 1009 1388 1056 conf.
1413 1011 1584 1057 Pastor.

163 1091 418 1139 conditores
440 1091 555 1156 apud
577 1091 778 1139 Macrob.
805 1092 856 1146 I,
897 1107 949 1136 12
973 1127 985 1146 ,
1017 1101 1099 1137 etc.
1125 1102 1206 1137 etc.
1239 1092 1407 1139 Tamen
1439 1092 1587 1157 ipsum

163 1174 337 1221 notitiis
352 1167 527 1221 aliunde
540 1172 853 1239 conquirendis
871 1172 1090 1220 intentum
1110 1172 1244 1220 fuisse
1263 1173 1357 1239 ipse
1375 1174 1491 1221 Fast.
1508 1176 1586 1231 IV,

170 1254 264 1321 378
280 1266 324 1303 et
341 1254 436 1320 690
451 1292 462 1312 ‚
488 1254 615 1302 docet
627 1292 639 1311 ,
660 1266 704 1302 et
721 1273 860 1320 quum
879 1254 954 1302 diu
974 1254 1021 1301 in
1036 1273 1168 1320 opere
1188 1274 1270 1303 suo
1289 1255 1483 1303 limando
1506 1267 1592 1323 sty-

169 1336 262 1384 lum
285 1348 494 1393 verteret,
518 1355 589 1394 ea,
617 1355 714 1402 quae
734 1354 886 1384 recens
909 1348 1179 1384 accesserant
1194 1374 1206 1393 ,
1232 1337 1279 1384 in
1301 1338 1427 1385 fastis
1452 1337 1591 1386 donec

169 1419 426 1485 prodirent,
459 1416 689 1480 diligenter
717 1417 927 1465 adnotare
961 1429 1005 1465 et
1039 1416 1229 1466 inserere
1270 1417 1452 1466 solebat.
1492 1420 1594 1467 Huc

168 1500 383 1567 pertinet,
407 1511 567 1565 praeter
587 1498 671 1546 alia
693 1518 789 1565 quae
809 1499 862 1547 de
882 1499 1132 1547 Germanici
1154 1500 1382 1567 triumpho
1407 1503 1453 1558 Ι,
1478 1501 1594 1560 285,

170 1583 227 1637 de,
251 1581 508 1631 Concordiae
532 1581 620 1629 aede
642 1583 692 1637 I,
718 1580 955 1646 637-650,
984 1599 1052 1628 an.
1081 1601 1126 1628 u.
1161 1601 1199 1629 c.
1232 1580 1323 1647 762
1349 1594 1567 1631 exstructa
1583 1621 1597 1642 ,

174 1667 317 1723 canit,
342 1684 439 1732 quae
459 1683 511 1712 ex
534 1663 707 1711 notitiis
731 1663 788 1711 ab
810 1664 960 1711 amicis
985 1682 1133 1712 secum
1150 1664 1505 1723 communicatis,
1531 1665 1600 1713 vel

175 1768 199 1797 e
219 1748 344 1796 novis
362 1745 486 1795 fastis
496 1745 542 1792 in
555 1744 708 1793 exsilio
725 1744 990 1810 interpolare
1006 1745 1173 1794 debuit.
1194 1745 1329 1794 Refer
1344 1746 1431 1795 huc
1449 1747 1576 1795 etiam
1587 1785 1601 1805 ‚

179 1848 275 1895 quae
303 1829 356 1877 de
382 1827 564 1876 Tiberio
598 1827 861 1893 imperatore
888 1826 1006 1875 canit
1039 1828 1091 1885 I,
1125 1825 1245 1886 5333
1276 1827 1328 1876 de
1360 1827 1481 1876 Julia
1507 1830 1603 1878 Au·-

174 1923 331 1974 gusta,
355 1912 405 1968 I,
434 1910 542 1958 536.

246 2003 316 2048 Eo
352 2011 495 2047 autem
529 1999 670 2061 magis
701 1998 788 2046 hoc
817 1991 1127 2060 argumentum
1164 1999 1369 2047 c'arminis
1402 2001 1602 2048 varietati

183 2095 336 2149 aptum
364 2093 457 2130 erat
474 2119 486 2138 ‚
523 2100 659 2147 quum
677 2099 700 2127 a
725 2081 936 2146 temporis
957 2079 1026 2127 sui
1052 2081 1185 2128 sacris
1208 2081 1263 2128 ad
1286 2082 1605 2131 remotissimos

183 2165 335 2231 patriae
359 2163 634 2229 antiquitatis
657 2163 835 2228 mythos
855 2201 867 2220 ‚
901 2162 956 2209 ab
989 2162 1201 2228 operibus
1229 2176 1273 2211 et
1302 2164 1437 2212 rebus
1470 2165 1606 2227 gestis

184 2247 434 2313 principum
461 2245 515 2293 ad
541 2244 715 2292 laudem
741 2256 785 2292 et
811 2242 1107 2292 adulationem
1145 2262 1297 2317 eorum
1332 2246 1606 2312 exspatiandi

182 2329 460 2376 occasionem
493 2326 721 2393 praeberet.
756 2327 946 2374 Etcum
976 2325 1165 2388 Virgilio
1194 2327 1414 2385 sentiens,
1450 2329 1527 2394 qui
1559 2329 1606 2375 in

190 2429 423 2471 graecarum
445 2407 694 2457 fabularum
714 2407 888 2456 lusibus
917 2408 1022 2456 satis
1048 2407 1135 2471 jam
1168 2407 1407 2456 decantatis
1437 2409 1507 2456 vix
1532 2430 1608 2458 ve-

190 2510 283 2538 ram
301 2489 474 2539 laudem
493 2489 636 2537 adhuc
660 2490 794 2555 quaeri
811 2508 942 2555 posse
959 2489 1172 2536 cecinerat
1193 2495 1204 2514 ¹
1222 2527 1234 2546 ‚
1258 2489 1371 2537 hanc
1390 2490 1475 2539 sibi
1495 2491 1607 2540 viam

217 2649 227 2667 ¹
241 2646 312 2682 Sed
324 2646 501 2692 grandiori
508 2645 742 2693 stylo,Georg.
755 2645 822 2688 ΙΙΙ,
833 2645 866 2679 3:
933 2653 988 2677 Aut
1001 2652 1118 2677 mandati
1130 2653 1210 2678 nescii
1222 2654 1353 2679 Busiridis
1362 2655 1445 2679 aas?
1456 2674 1463 2680 .
1478 2674 1486 2681 .
1498 2673 1507 2681 .

194 2708 290 2731 vatem
300 2725 309 2737 ‚
321 2716 377 2739 (με
390 2715 485 2731 vacuas
496 2708 638 2731 tenuissent
651 2707 763 2730 carmine
773 2712 870 2729 mentes
936 2721 942 2727 .
956 2720 964 2726 .
977 2721 984 2727 .
996 2703 1130 2727 'remanda
1144 2703 1188 2726 vio
1201 2708 1255 2734 est,
1269 2713 1321 2736 qua
1333 2713 1374 2728 me
1389 2714 1494 2738 quoque
1513 2706 1609 2738 possim

195 2755 291 2781 skania
302 2756 355 2787 jam
366 2755 478 2787 vulgata.
485 2756 552 2787 Quis
564 2761 609 2780 ant
619 2756 687 2788 Bur)
694 2754 764 2778 §then
775 2754 871 2777 durum
934 2752 1038 2777 Toum
1046 2752 1137 2783 huno,
1147 2752 1283 2786 viamque
1290 2753 1376 2778 virum
1385 2755 1493 2779 volit-re
1503 2764 1546 2787 per
1556 2764 1610 2779 oia.

321 2824 413 2869 VJ.
1341 2824 1397 2865 30
