1826 3054
589 162 998 208 FASTORUM
1033 162 1170 226 ΜΒ.
1215 162 1321 205 111.

1583 160 1664 221 *67

318 259 511 316 Graecia;
535 256 771 306 facundum
785 293 799 313 ,
823 254 898 304 sed
921 253 1032 304 male
1054 254 1171 302 forte
1192 272 1345 317 genus.

252 335 345 398 Qui
366 334 478 382 bene
498 343 738 400 pugnarat,
763 333 1011 380 Romanam
1031 341 1213 378 noverat
1234 341 1371 378 artem
1389 349 1401 378 ε

319 412 497 458 Mittere
519 410 596 476 qui
616 420 790 475 poterat
813 406 928 474 pila,
954 406 1144 455 disertus
1166 418 1270 454 erat.

254 489 370 552 Quis
395 501 498 536 tunc
523 500 600 536 aut
621 487 827 567 Hyadas,
854 496 931 533 aut
951 483 1150 536 Pleiadas
1171 483 1400 533 Atlanteas
1612 496 1672 529 105

318 568 547 624 Senserat,
570 578 647 614 aut
668 565 866 628 geminos
890 582 984 612 esse
1007 562 1091 611 sub
1115 581 1193 611 axe
1216 562 1370 629 polos.
1361 564 1390 597 3*

253 643 360 691 Esse
386 642 493 691 duas
515 644 706 698 Arctos;
732 659 916 707 quarum
944 640 1173 705 Cynosuia
1198 650 1375 704 petatur

319 721 514 769 Sidoniis
528 758 540 777 ,
565 720 749 768 Helicen
775 719 908 767 Graia
930 718 1076 766 carina
1094 720 1255 766 notet?

253 799 478 866 Signaque
501 818 598 866 quae
620 799 756 862 longo
777 798 911 846 frater
935 807 1189 864 percenseat
1207 814 1324 867 anno
1337 832 1351 854 ,

316 876 387 923 Ire
409 894 489 941 per
509 875 601 923 haec
624 894 716 923 uno
739 891 889 922 mense
911 872 1078 920 sororis
1101 890 1240 938 equos
1258 873 1278 919 ?

1616 896 1677 918 110

253 952 412 1001 Libera
437 954 672 1021 currebant
685 991 699 1010 ,
722 965 768 1001 et
789 951 1070 1000 inobservata
1092 970 1173 1017 per
1189 969 1355 998 annum

322 1031 473 1080 Sidera
492 1052 502 1079 :
523 1032 756 1080 constabat
778 1031 856 1079 sed
879 1042 1023 1078 tamen
1048 1047 1141 1077 esse
1163 1027 1304 1077 Deos?

257 1108 362 1155 Non
385 1106 451 1154 illi
475 1107 577 1156 caelo
601 1107 795 1156 labentia
819 1107 945 1169 signa
966 1105 1230 1162 movebant3

259 1221 323 1249 rat.
338 1214 373 1250 11
385 1240 395 1258 ,
409 1214 518 1260 Epist.
529 1226 556 1259 1,
573 1215 634 1250 156
645 1227 653 1249 :
665 1229 683 1244 κ
693 1213 827 1249 Graecia
838 1220 936 1259 capta

263 1283 280 1298 »ι
299 1268 414 1302 serum
429 1268 596 1302 victorem
607 1267 718 1313 cepit,
730 1274 768 1301 et
776 1273 866 1301 artes
877 1265 937 1299 ln·

262 1335 280 1350 »
300 1320 378 1354 tulit
393 1320 518 1366 agresti
535 1320 643 1355 Latio.
662 1335 680 1350 »
700 1319 772 1354 Ubi
788 1317 936 1364 populus

260 1372 411 1407 vincitur
421 1399 431 1416 ‚
448 1372 637 1407 vincuntur
651 1372 755 1406 etiam
773 1384 850 1416 quae
860 1370 936 1415 ejus

258 1430 349 1459 sunt.
367 1424 536 1459 Similiter
551 1423 656 1459 Ovid.
675 1436 780 1469 supra
796 1424 830 1466 Ι,
857 1423 934 1465 523,

259 1478 351 1509 victa
370 1481 480 1508 tamen
505 1479 621 1510 vinces
644 1475 736 1509 lusit.
764 1474 937 1509 Krebsius

257 1529 368 1560 victas
378 1526 534 1580 interpr.
555 1533 686 1572 spretas
712 1539 732 1561 a
755 1526 935 1560 Romanis.

258 1578 377 1613 Heins.
390 1579 562 1613 verolect.
580 1579 684 1613 unius
695 1578 794 1613 Med.
810 1585 846 1613 et
856 1579 938 1612 Vat.

259 1632 377 1664 doctas
390 1634 572 1666 wctoribus
584 1638 676 1666 artes
689 1631 938 1676 simpliciorem

259 1689 295 1717 et
317 1683 527 1728 apertiorem
544 1683 666 1719 credit.
690 1684 791 1719 Idem
810 1696 934 1729 porro,

260 1747 371 1779 quum
382 1734 418 1769 in
436 1748 508 1770 uuo
524 1736 654 1771 Medic.
672 1743 774 1771 actas
787 1737 939 1782 reperis—

260 1794 325 1830 set,
335 1795 455 1823 auctas
463 1789 626 1833 conjecit,
634 1802 706 1823 non
717 1790 937 1835 improbante

259 1839 383 1873 Burm.
395 1840 474 1885 quia
483 1854 502 1875 e
514 1841 685 1887 principio
696 1840 939 1886 Tuchuaest.

261 1891 396 1926 firmari
411 1893 525 1937 possit.
539 1893 592 1928 Ita
603 1903 689 1928 vero
705 1905 779 1926 non
792 1900 913 1927 auctas
923 1918 932 1932 ,

262 1943 324 1978 sed
338 1947 512 1988 augendas
524 1952 615 1979 artes
627 1945 812 1980 victoribus
830 1943 940 1979 tradi-

263 1995 670 2040 dissent.—Malesorte‚
692 2009 818 2041 parum
834 1996 938 2039 sorte,

263 2048 382 2092 molle,
391 2055 562 2094 quatenus
570 2048 751 2082 succubuit
761 2048 939 2082 Romanis.

297 2101 367 2134 105.
380 2098 644 2134 Astronomiam
652 2098 870 2143 potissimum
879 2109 941 2132 uo-

264 2153 399 2195 minat,
422 2151 503 2196 quia
526 2150 609 2186 inde
633 2150 799 2195 temporis
821 2149 942 2183 divisio

265 2204 405 2251 pendet.
419 2221 463 2230 --
473 2204 540 2238 Sub
554 2215 635 2242 axe,
652 2202 690 2235 in
703 2201 775 2235 fine
791 2207 942 2244 utroque

265 2258 576 2304 axis—Cynosura,
590 2255 716 2289 Arctos
727 2254 855 2287 minor.
862 2253 944 2300 Hy-

265 2310 335 2355 gin.
351 2309 450 2344 Poet.
466 2308 608 2342 Astron.
624 2306 660 2341 11
674 2332 684 2350 ,
705 2319 724 2339 2
736 2330 746 2347 ,
760 2316 835 2350 pag.
853 2303 918 2338 366
933 2316 943 2338 :

267 2377 286 2392 κ
304 2361 442 2396 Omnes
460 2360 520 2405 qui
541 2359 825 2404 Peloponnesum
838 2356 943 2391 inco-

267 2428 287 2444 »
302 2413 393 2456 lunt,
406 2413 523 2458 priore
534 2418 685 2446 utuntur
697 2410 818 2450 Arcto;
836 2408 945 2443 Pha.—

269 2480 288 2496 »
302 2465 397 2500 nices
405 2472 524 2500 autem
537 2477 643 2510 quam
654 2476 674 2498 a
683 2475 747 2498 suo
759 2463 943 2496 inventore

270 2516 490 2561 »(Thalete)
511 2523 739 2563 aeceperunt,
760 2515 946 2550 observant

270 2582 298 2610 ³·-
309 2566 530 2614 Cynosuram
554 2581 563 2604 :
585 2576 621 2604 et
645 2568 736 2603 hanc
760 2566 949 2602 studiosius

273 2634 291 2650 ν
309 2619 560 2664 perspiciendo,
573 2619 771 2665 diligentius
782 2618 944 2662 navigare

271 2689 292 2703 Δι·
308 2672 559 2708 existimantur.
575 2687 593 2704 »ι
610 2673 664 2708 Ibi
682 2672 760 2707 vide
779 2671 946 2706 Munker.

999 1229 1044 1237 —-
1055 1212 1163 1247 Notet.
1177 1209 1347 1246 Similiter
1362 1211 1419 1247 ΠΙ
1434 1211 1583 1246 Metam.
1601 1216 1678 1260 595,

999 1269 1108 1298 nauta
1122 1263 1169 1297 ait
1185 1273 1193 1295 ε
1216 1277 1234 1293 «
1259 1263 1365 1298 oculis
1386 1263 1500 1299 sidera
1516 1264 1645 1299 notavi.
1663 1281 1681 1296 »

1000 1332 1043 1340 -
1052 1317 1206 1356 Petatur,
1228 1328 1333 1360 quam
1346 1323 1610 1361 sequantur-.-e—
1627 1319 1682 1352 Ire

993 1380 1057 1410 per
1069 1369 1141 1402 ᾖσι·
1155 1374 1221 1402 etc.
1248 1368 1431 1413 Quoniam
1451 1382 1571 1404 cursus
1589 1369 1683 1405 lunae

999 1431 1073 1453 non
1094 1419 1247 1454 multum
1273 1419 1424 1455 declinat
1443 1434 1461 1455 a
1481 1435 1585 1457 cursu
1604 1423 1686 1458 solis

1002 1470 1140 1513 (verius
1160 1473 1283 1516 terrae)
1303 1479 1487 1518 propterea
1513 1481 1550 1508 et
1571 1474 1682 1520 ipsam

1000 1522 1188 1559 duodecim
1210 1524 1307 1570 signa
1329 1525 1458 1560 zodiaci
1474 1539 1682 1571 percensere

999 1576 1186 1612 cernimus.
1204 1578 1313 1612 Hunc
1325 1590 1466 1612 cursum
1476 1578 1598 1614 diebus
1616 1593 1655 1625 ²7
1665 1607 1674 1620 ,

1000 1628 1095 1664 horis
1111 1630 1150 1672 8,
1166 1629 1329 1676 conficit;
1353 1638 1513 1676 respectu
1527 1632 1608 1667 solis
1623 1646 1681 1667 au*

1001 1688 1074 1716 tem
1090 1681 1212 1716 diebus
1227 1695 1289 1729 29,
1309 1681 1403 1716 horis
1423 1682 1473 1716 13.

1048 1746 1060 1767 1
1072 1746 1083 1767 ι
1093 1746 1120 1768 ι,
1133 1734 1258 1767 libem
1268 1733 1447 1779 eleganter
1462 1734 1586 1769 eadem
1603 1748 1683 1780 quae

999 1786 1220 1819 inobservata
1232 1784 1400 1819 Sumtum
1422 1784 1488 1820 hoc
1507 1785 1549 1819 ab
1563 1785 1682 1820 homi-

1001 1836 1105 1871 nibus
1120 1843 1180 1871 aut
1196 1836 1399 1882 pecudibus,
1411 1850 1503 1882 quae,
1513 1838 1600 1873 dum
1614 1852 1682 1874 non

1001 1891 1232 1929 observantur,
1250 1891 1352 1923 libere
1366 1900 1484 1924 errare
1502 1890 1681 1926 dicuntur.

1001 1940 1163 1975 —Recte
1178 1941 1301 1976 Burm.
1313 1941 1488 1987 improbat
1504 1943 1680 1979 rationem

1002 1993 1141 2028 Heinsii
1156 2006 1237 2028 mox
1257 1995 1465 2039 corrigentis
1481 2003 1593 2029 tamen
1609 2009 1684 2031 esse

1001 2057 1099 2085 suos,
1131 2052 1192 2079 aut
1219 2057 1293 2079 esse
1315 2048 1393 2086 dia,
1420 2046 1499 2091 quia
1522 2047 1559 2080 in
1576 2047 1683 2082 Zuli-

1002 2096 1116 2131 chem.
1132 2099 1228 2131 Deos
1241 2110 1261 2131 a
1272 2109 1382 2131 manu
1397 2110 1464 2132 sec.
1479 2108 1567 2142 erat,
1585 2111 1685 2133 erasa

1002 2149 1112 2183 veteri
1133 2149 1313 2194 scriptura.
1332 2149 1560 2195 Quamquam
1579 2158 1684 2185 vete-

1002 2212 1059 2234 res
1069 2212 1209 2234 cursum
1220 2200 1349 2235 horum
1358 2201 1514 2236 siderum
1527 2214 1598 2236 non
1613 2202 1685 2236 ob-

1002 2250 1200 2294 servabant,
1214 2258 1333 2286 tamen
1349 2265 1391 2286 ea
1405 2252 1595 2287 credebant
1611 2266 1685 2291 esse

1003 2303 1173 2343 numium
1199 2303 1304 2348 idque
1324 2304 1518 2338 sufficiebat
1541 2304 1686 2340 ruditati

1005 2355 1384 2390 Romanorum—Noa
1396 2359 1454 2390 illi
1464 2363 1531 2391 etc.
1547 2370 1622 2392 nou
1634 2358 1686 2392 illi

1004 2407 1226 2442 astronomiae
1239 2407 1446 2452 studebant,
1465 2408 1527 2443 sed
1544 2410 1597 2444 rei
1615 2410 1687 2445 mi—

1004 2461 1106 2495 litari.
1121 2479 1167 2487 —
1179 2461 1284 2505 Signa
1307 2460 1413 2496 habet
1435 2468 1471 2495 et
1491 2461 1633 2506 caelum,
1650 2470 1686 2498 et

1006 2512 1186 2547 exercitus.
1197 2511 1290 2547 Hinc
1305 2511 1361 2547 ille
1373 2513 1468 2548 lusus
1479 2527 1488 2555 ;
1500 2513 1537 2548 in
1551 2527 1621 2560 quo
1636 2522 1689 2549 ta-

1006 2578 1090 2600 men
1101 2567 1276 2599 mooebant
1290 2565 1380 2609 justo
1395 2564 1516 2601 durius
1524 2567 1629 2601 etiarn
1641 2567 1686 2601 ad

1006 2619 1104 2664 signa
1114 2618 1262 2653 caelestia
1272 2618 1430 2653 relatum.
1441 2619 1620 2654 Taubner.
1630 2620 1687 2654 cui

1009 2669 1178 2706 Krebsius
1209 2670 1395 2706 assentitur
1411 2697 1422 2713 ,
1451 2671 1687 2708 revocandum
