1826 3054
226 219 315 281 494
740 223 1121 272 excussus

227 334 318 384 217
336 355 349 376 ‚
376 318 496 368 canis
518 337 723 369 occasum
744 340 846 370 cum
865 320 973 371 solis
994 324 1179 373 transitu
1205 325 1250 373 in
1273 327 1467 376 Taurum
1482 365 1494 386 ‚
1521 347 1648 396 quem

226 395 358 445 ovid.
384 396 512 446 etiam
537 397 763 461 tetigerat,
784 399 933 465 jungit
953 419 964 448 z

398 512 580 550 Candidus
596 514 725 550 auratis
745 514 855 560 aperit
875 528 985 561 quum
1003 517 1168 553 cornibus
1187 531 1322 555 annum

394 574 534 610 Taurus
545 601 555 619 ,
575 582 610 611 et
627 574 772 612 adverso
790 575 918 612 cedens
941 579 1047 613 Cam&
1065 580 1192 614 occidit
1204 586 1309 615 astro.

223 674 331 725 Cod.
347 676 522 724 Fames.
542 674 673 724 lectio
691 676 776 742 jam
792 676 1004 726 medelam
1022 676 1219 727 adlatura
1233 691 1325 728 erat
1341 700 1352 729 ε
1371 682 1516 731 occidit
1532 694 1649 751 alque

220 751 342 799 cam's.
367 753 504 818 Neap.
525 752 714 816 conjecit
735 771 745 800 :
770 751 1032 820 effizgt'etque,
1060 753 1133 802 alii
1157 755 1436 823 occuliturque.
1460 760 1543 807 Sed
1566 761 1647 808 hoc

221 829 375 878 vitium
394 847 418 875 a
438 840 567 895 poeta
590 828 832 878 admissum
853 849 970 889 esse,
997 851 1255 899 persuasum
1274 833 1382 882 mibi
1398 846 1486 890 est,
1510 849 1552 884 et
1568 838 1649 885 sor—

222 916 335 955 tasse
364 904 550 955 aliorum
577 904 849 975 populorum
882 927 1000 957 sacra
1030 909 1086 956 ad
1117 909 1220 958 Sirii
1257 924 1403 960 ortum
1434 911 1648 963 celebrata

219 984 344 1051 (vid.
370 1005 466 1053 quae
488 1004 622 1052 supra
644 985 808 1035 adduxi
829 986 850 1051 )
875 986 914 1036 ei
938 999 1040 1036 ante
1063 988 1218 1038 oculos
1242 1003 1377 1039 erant.

287 1065 351 1127 4⁰.
376 1065 432 1122 V,
459 1063 551 1131 723
574 1064 659 1130 (d.
689 1082 748 1114 22
772 1066 879 1114 Mai.
905 1066 924 1131 )

280 1141 424 1191 Nocte
449 1155 658 1209 sequente
682 1143 797 1193 diem
825 1143 946 1193 canis
970 1145 1238 1209 Erigoneius
1257 1148 1356 1196 exit.
1386 1147 1433 1196 Si
1456 1167 1554 1197 cum
1579 1150 1648 1197 in-

218 1219 488 1288 terpretibus
514 1219 675 1278 facias,
705 1219 829 1271 locus
859 1234 1007 1289 aperte
1037 1222 1174 1272 salsus
1208 1236 1287 1273 est.
1327 1225 1387 1273 Hi
1423 1225 1538 1273 enim
1563 1228 1650 1274 exit

216 1315 420 1365 accepere
443 1316 526 1364 pro
549 1297 678 1346 on'tur
693 1337 703 1354 ‚
732 1310 783 1347 ut
805 1297 1027 1349 similibus
1052 1299 1159 1349 locis
1183 1302 1269 1357 Vl,
1298 1303 1392 1367 474
1409 1340 1420 1359 ,
1445 1302 1647 1351 exitEois

214 1375 330 1442 aquis
360 1395 376 1422 .·
406 1374 483 1423 sed
515 1386 642 1424 ortus
669 1375 725 1423 ab
755 1375 842 1424 hoc
875 1376 973 1424 loco
1009 1377 1303 1429 alienissimus
1334 1393 1410 1429 est.
1445 1382 1507 1440 In,
1529 1381 1646 1430 hunc

215 1452 363 1519 ipsum
383 1451 499 1501 diem
522 1452 679 1501 incidit
702 1471 866 1502 occasus
887 1456 974 1520 ejus
991 1454 1170 1503 heliacus
1187 1457 1318 1504 Taur.
1351 1466 1431 1522 29⁰
1446 1495 1458 1513 ‚
1497 1476 1523 1504 2
1544 1478 1553 1514 ;
1589 1460 1642 1506 cf.

215 1527 332 1577 Plin.
353 1529 536 1585 XVIII,
565 1546 623 1595 27
650 1547 684 1577 s.
711 1527 771 1594 67
789 1566 801 1585 ‚
826 1540 869 1577 et
886 1529 1072 1578 Ptolem.
1099 1531 1154 1579 ad
1177 1530 1218 1578 d.
1248 1548 1331 1597 27,
1352 1538 1530 1596 προκύων
1555 1541 1644 1597 κρύ-

215 1627 362 1655 πτεται.
378 1606 607 1670 Quaeritur
627 1606 796 1674 itaque,
822 1625 934 1656 anne
958 1609 1104 1657 verius
1122 1608 1183 1657 ita
1206 1608 1478 1673 intelligatur
1495 1624 1644 1678 poeta,

216 1697 269 1735 ut
289 1685 378 1734 exit
401 1684 459 1734 sit
483 1701 492 1729 :
520 1682 694 1733 decedit
717 1682 770 1733 de
793 1683 886 1734 caeli
918 1686 1110 1734 statione
1125 1723 1136 1743 ‚
1165 1685 1338 1750 aufugit
1364 1707 1413 1735 ex
1443 1701 1644 1755 aspectu,

215 1762 366 1829 itaque
386 1759 555 1816 occidit,
591 1761 673 1808 etsi
697 1759 821 1809 valde
846 1760 1050 1826 ambigue
1074 1761 1240 1811 dictum
1266 1775 1365 1820 est,
1398 1776 1439 1812 et
1464 1764 1516 1812 de
1546 1777 1645 1813 ortu

217 1839 326 1889 alibi
358 1840 519 1906 saepius
546 1838 721 1887 dicitur.
756 1839 808 1887 In
839 1837 939 1886 loco
960 1850 1188 1905 sequente,
1215 1860 1306 1887 uon
1329 1860 1508 1906 possum
1533 1863 1556 1891 a
1578 1862 1645 1890 me

218 1919 470 1985 impetrare,
497 1917 603 1985 quin
627 1916 895 1965 contrarium
918 1917 1184 1967 contendere
1202 1917 1440 1966 maluerim.

285 1993 464 2051 50.111‚
491 2010 578 2059 711
608 1992 691 2057 (d.
724 1990 780 2038 16
805 1992 979 2057 Man.)

395 2116 540 2151 Postera
561 2127 670 2161 quum
693 2121 831 2149 teneras
850 2114 988 2149 Aurora
1005 2114 1166 2150 refecerit
1183 2115 1307 2150 lrerbas
1319 2143 1327 2158 ,

462 2174 627 2222 Scorpius
645 2188 664 2210 a
681 2175 794 2221 prima
811 2182 909 2220 parte
927 2174 1099 2211 videndus
1115 2176 1192 2211 erit.

791 2237 904 2271 alcius:
923 2235 1098 2271 notandus
1117 2236 1193 2271 erit.

285 2341 484 2406 Utraque
508 2337 639 2387 lectio
664 2349 814 2405 aperte
839 2350 988 2386 ortum
1018 2338 1126 2386 mihi
1151 2336 1342 2387 iudicare
1373 2337 1572 2388 videtur:
1604 2352 1643 2386 et

220 2415 383 2465 dubito
414 2434 470 2463 an
503 2434 528 2464 e
557 2412 703 2463 verbis
735 2412 856 2462 aliud
889 2412 997 2480 quid
1023 2413 1120 2462 elici
1159 2414 1316 2480 possit.
1360 2414 1643 2462 Indicandunu

221 2495 357 2545 fuisse
377 2511 560 2543 occasum
579 2493 846 2542 matutinum
857 2492 1082 2559 pn'marum
1099 2493 1325 2548 slellarum,
1352 2511 1439 2540 non
1461 2491 1644 2541 dubium

222 2584 301 2622 est.
331 2574 576 2622 Euctemon
601 2592 610 2620 z
636 2579 703 2621 τοῦ
734 2575 920 2634 σκορπίου
958 2577 992 2618 οἱ
1021 2581 1167 2634 πρῶτοι
1199 2577 1355 2635 ἀστέρες
1389 2573 1559 2618 δύνουσι.
1590 2572 1642 2618 Et

222 2651 284 2699 ita
309 2648 554 2699 Columella
575 2661 619 2698 et
654 2647 838 2698 Plinius.
876 2649 962 2705 W,
1002 2647 1090 2695 163
1124 2649 1209 2714 (d.
1245 2666 1257 2697 ι
1291 2647 1431 2714 April.
1459 2649 1479 2713 )
1512 2648 1645 2697 totins·

221 2726 375 2777 sideris
397 2744 575 2775 occasus
599 2725 842 2775 matutinus
865 2725 1094 2791 sequitur:
