1826 3054
578 207 650 251 IN
684 207 930 252 OVIDII
961 205 1255 252 FASTOS.
1533 206 1622 270 457

373 345 511 383 Scilicet
522 346 532 366 ¹
549 344 606 381 hic
620 345 705 381 olim
722 345 858 392 AEquos
875 346 1089 393 Volscosque
1108 346 1244 393 fugatos

461 407 609 443 Viderat
626 408 662 443 in
682 409 812 455 campis
828 435 838 453 ,
858 408 982 455 Algida
1000 418 1092 445 terra
1104 435 1114 453 ‚
1133 409 1200 444 tuis
1216 423 1227 451 ;

379 471 487 507 Unde
503 471 705 511 suburbano
720 472 831 507 clarus
844 498 854 516 ,
873 473 1030 508 Tuberte
1045 500 1055 517 ,
1081 472 1263 519 triumpho

461 533 593 569 Vectus
612 548 648 570 es
664 535 700 570 in
718 535 827 571 niveis
840 562 851 580 ‚
882 536 1049 571 Postume
1064 562 1073 580 ,
1090 535 1202 571 victor
1215 535 1335 581 equis:

203 658 302 707 coll.
323 659 450 708 Livio
469 661 549 717 IV,
577 660 750 727 26-29‚
775 661 823 709 in
845 679 915 709 an.
940 661 997 708 U.
1026 659 1118 708 322
1144 659 1326 719 incidit,
1353 672 1396 709 et
1414 661 1502 726 jam
1528 673 1623 710 tum

201 743 271 790 hic
291 761 387 790 mos
406 743 650 792 obtinuisse
673 743 859 792 videtur.
884 742 1095 791 Similiter
1118 743 1163 790 in
1180 743 1242 791 D.
1263 743 1394 792 Bruti
1415 743 1595 792 victoria
1608 783 1621 801 ‚

202 824 398 890 Syphace
414 825 531 873 victo
554 837 599 874 et
620 825 739 883 aliis,
759 824 791 873 l.
811 824 840 873 l.
866 844 902 872 c.
928 843 964 872 c.
991 836 1035 873 et
1052 824 1151 873 falsi
1174 825 1311 890 igitur
1330 838 1461 884 sunt,
1486 827 1523 875 si
1547 827 1624 893 qui

200 911 273 968 (v.
302 927 337 955 c.
365 908 560 957 Siccama
591 907 645 956 de
674 907 799 956 fastis
824 907 902 956 Gr.
933 907 1066 957 Thes.
1089 910 1110 968 )
1143 908 1189 955 in
1219 909 1285 956 M.
1313 908 1510 957 Antonio
1539 909 1626 957 hoc

200 988 392 1052 primum
425 989 589 1037 factum
624 1007 718 1038 esse
750 988 1041 1038 contendunt.
1076 989 1163 1037 Hic
1196 990 1313 1038 enim
1338 1029 1351 1049 ‚
1383 1003 1436 1038 ut
1470 991 1628 1039 Cicero

201 1071 402 1138 (Philip.
429 1073 474 1120 ΙΙ
491 1110 503 1130 ,
532 1071 594 1133 34
615 1074 636 1134 )
661 1073 701 1120 ei
730 1072 910 1138 objicit,
940 1072 988 1119 in
1019 1071 1142 1121 fastis
1172 1072 1227 1121 ad
1255 1072 1514 1140 Lupercalia
1547 1073 1627 1121 ad-

202 1153 335 1200 scribi
354 1153 565 1218 jusserat:
588 1153 639 1202 C.
662 1153 839 1210 Coesan',
861 1153 1052 1202 dlctalon'
1060 1165 1277 1222 perpetuo,
1304 1155 1374 1203 M.
1390 1156 1627 1204 Antonium

201 1237 400 1284 consulem
404 1238 675 1306 popuh'jussu
687 1277 700 1295 ‚
725 1257 887 1305 regnum
900 1237 1110 1295 detulisse,
1134 1237 1338 1287 Coesarem
1354 1239 1628 1294 utinoluisse;

202 1318 278 1383 qui
303 1317 428 1368 locus
445 1339 567 1386 aeque
588 1340 637 1369 ac
663 1320 754 1369 Cic.
780 1321 837 1369 ad
852 1322 1043 1370 Brutum
1066 1321 1149 1369 15:
1169 1343 1191 1364 «
1214 1323 1312 1384 Ego
1328 1321 1466 1369 Decio
1482 1322 1626 1369 Bruto

204 1423 227 1441 ἣ
256 1400 443 1450 liberato
458 1440 470 1460 ,
497 1422 633 1469 quum
648 1403 900 1453 laetissimus
919 1403 993 1452 ille
1012 1404 1176 1454 civitati
1196 1404 1290 1454 dies
1301 1403 1535 1462 illuxisset,
1551 1404 1627 1452 de-

204 1506 226 1524 »
254 1484 394 1542 crevi,
419 1485 538 1533 utin
560 1486 686 1534 fastis
710 1486 769 1534 ad
797 1506 899 1535 eum
926 1487 1042 1535 diem
1063 1488 1195 1536 Bruti
1218 1506 1380 1536 nomen
1403 1487 1626 1535 adscribe-

202 1587 224 1606 »
250 1577 420 1613 retur»
445 1566 501 1614 ad
525 1567 666 1616 fastos
687 1567 940 1617 kalendares
961 1569 1082 1617 haud
1105 1569 1240 1618 dubie
1263 1569 1469 1636 pertinet.

264 1647 403 1711 Quod
422 1649 459 1696 si
476 1668 580 1697 vero
598 1649 644 1696 in
664 1649 762 1699 aliis
779 1650 907 1699 fastis
926 1650 1032 1699 alias
1054 1670 1124 1700 res
1144 1663 1288 1714 gestas
1310 1662 1541 1699 annotatas
1558 1669 1629 1698 re-

197 1729 391 1793 perimus
402 1767 413 1786 ,
426 1730 617 1779 diversas
631 1730 816 1780 diversis
829 1732 1105 1799 temporibus
1116 1771 1128 1791 ‚
1144 1752 1195 1781 ex
1210 1733 1400 1798 cujusvis
1415 1733 1627 1799 temporis

198 1810 449 1861 adulatione
471 1814 711 1880 petendum
733 1826 824 1872 est,
850 1835 948 1882 quae
969 1815 1285 1882 imperatorum
1305 1816 1548 1883 praesertim
1578 1826 1624 1865 et

200 1892 394 1941 virorum
414 1893 651 1944 illustrium
670 1915 739 1945 res
763 1908 907 1959 gestas
925 1897 988 1945 ita
1008 1898 1230 1947 memoriae
1246 1898 1452 1947 mandare
1469 1897 1624 1946 voluit.

246 2044 255 2062 ¹
280 2043 422 2081 Scilicet,
436 2041 603 2087 particula
613 2042 810 2077 transitoria
822 2070 832 2087 ,
844 2051 880 2079 et

200 2093 309 2139 digito
320 2093 564 2138 qs.intendens
574 2094 617 2128 ad
627 2095 809 2140 sequentia
820 2121 830 2138 ,
840 2102 881 2130 ut

198 2160 273 2180 ecce
285 2173 293 2184 ‚
314 2146 566 2191 significatione
584 2153 688 2180 antea
701 2146 856 2191 neglecta
868 2172 878 2190 ,

199 2198 258 2232 sed
277 2211 354 2243 qua:
369 2198 443 2232 sine
462 2197 569 2232 dubio
581 2198 694 2243 prima
708 2205 759 2232 est
775 2198 879 2243 hujus

199 2250 290 2284 vocis
308 2276 318 2293 ,
346 2249 441 2284 unde
464 2257 598 2285 caeterae
623 2250 771 2284 demum
795 2263 881 2296 pro-

199 2304 335 2347 fluunt,
353 2317 460 2349 quam
471 2303 659 2340 vindicavit
674 2303 725 2339 Ill.
735 2305 879 2340 Vossius

200 2355 241 2389 ad
256 2355 385 2401 Geor-g.
398 2370 430 2401 p.
449 2356 511 2390 136
522 2382 531 2398 ,
549 2369 584 2390 n.
598 2355 680 2390 edit.
695 2356 791 2402 (vid.
804 2357 879 2392 loca

199 2408 244 2441 ibi
260 2407 424 2451 laudata)
440 2422 448 2447 ;
465 2407 594 2454 Georg.
607 2409 623 2443 l
638 2435 648 2451 ‚
666 2410 726 2443 281
746 2435 755 2452 ,
769 2423 786 2438 κ
805 2409 879 2443 Ter

201 2476 217 2490 »
236 2467 317 2494 sunt
325 2461 439 2495 conati
449 2461 632 2505 imponere
643 2460 740 2495 Pelio
751 2459 878 2496 Ossam

201 2527 218 2541 »
235 2513 392 2552 Scilicet,
419 2519 523 2557 atque
552 2511 651 2546 Ossae
670 2511 878 2547 frondosum

203 2579 218 2593 υ
238 2563 414 2598 involvere
438 2563 635 2612 Olympum
654 2578 662 2606 ;
685 2579 702 2594 »ι
724 2565 764 2608 l,
790 2566 876 2612 49²²

201 2630 218 2644 «
236 2618 371 2651 Scilicet
384 2642 393 2656 ,
415 2623 451 2651 et
461 2623 598 2662 tempus
610 2617 747 2660 veniet,
766 2629 879 2662 quum

202 2682 219 2698 »
239 2669 366 2703 finibus
388 2668 454 2703 illis
481 2669 639 2715 Agricola
660 2677 725 2704 etc.
742 2684 759 2699 »
783 2668 878 2703 unde

199 2733 320 2755 vocem
345 2720 499 2765 ovidio,
525 2721 579 2757 lv
593 2747 603 2765 ,
626 2722 710 2766 6²7,
731 2720 878 2756 reddere

944 2045 1061 2080 nullus
1088 2045 1256 2080 dubitavi,
1282 2045 1479 2091 Analogam
1505 2051 1624 2080 autem

945 2098 1095 2133 arbitror
1106 2097 1187 2131 huic
1199 2097 1374 2142 particulae
1386 2097 1501 2142 quoad
1515 2097 1626 2143 signi-

943 2147 1149 2182 ficationum
1165 2144 1353 2183 transitum
1366 2175 1376 2190 ‚
1401 2150 1460 2194 qui
1476 2156 1571 2184 certe
1586 2149 1625 2183 in

943 2206 1092 2245 utraque
1109 2213 1193 2235 voce
1208 2200 1299 2234 bene
1309 2213 1344 2235 se
1356 2200 1523 2244 illustrat,
1536 2213 1626 2246 grae-

943 2264 1021 2286 cam
1050 2252 1255 2297 particulam
1285 2255 1313 2293 ἦ.
1344 2252 1626 2298 Significationes

943 2303 1125 2348 utriusque
1142 2304 1234 2338 vocis
1258 2303 1306 2338 ita
1326 2317 1363 2338 se
1384 2303 1540 2348 excipere
1564 2304 1626 2338 vi-

944 2355 1094 2391 dentur:
1110 2355 1324 2401 1⁰prosect0‚
1342 2369 1477 2391 retem.
1496 2356 1549 2390 Ita
1557 2359 1625 2391 sci·

943 2410 1026 2443 licet
1043 2420 1132 2453 saepe
1154 2408 1246 2454 apud
1257 2408 1404 2442 Terent.
1423 2408 1568 2443 Phor-m.
1583 2408 1601 2443 Ι
1612 2435 1623 2452 ,

943 2471 974 2494 11
987 2486 997 2503 ‚
1017 2462 1081 2502 82;
1106 2459 1258 2506 Adelph.
1281 2461 1347 2503 IV,
1369 2471 1423 2494 vn
1436 2486 1446 2502 ,
1462 2461 1504 2495 33
1517 2487 1527 2503 ,
1547 2468 1583 2495 et
1605 2463 1623 2501 ἦ

943 2525 1083 2557 semper
1098 2512 1189 2557 apud
1210 2513 1423 2547 Homerum.
1437 2512 1625 2547 Interdum

943 2568 1075 2599 scilia!
1085 2565 1186 2599 initio
1197 2564 1364 2600 orationis
1374 2565 1534 2600 animum
1550 2572 1625 2600 tan-

944 2623 1022 2651 tum
1036 2616 1190 2652 intendit
1206 2616 1249 2651 ad
1265 2617 1447 2662 sequentia
1462 2644 1473 2661 ‚
1494 2625 1533 2652 ut
1548 2616 1583 2651 h.
1601 2617 1623 2652 l.

943 2676 979 2704 et
998 2669 1046 2703 ita
1064 2681 1136 2703 non
1155 2681 1235 2703 raro
1253 2671 1270 2708 ἦ
1289 2668 1381 2714 apud
1401 2670 1624 2710 Homerum;

945 2730 985 2755 2⁰
1000 2720 1083 2756 inde
1098 2727 1245 2767 utraque
1257 2733 1324 2756 vox
1337 2725 1462 2757 ironice
1476 2733 1624 2766 usurpa·
