1826 3054
483 251 889 298 FASTORUM
925 251 1059 295 LIB.
1097 250 1155 295 V.

1376 245 1378 247 ’
1447 248 1528 293 361

186 351 404 416 Tempora
422 368 433 396 ε
456 367 552 414 quae
573 347 750 414 nupsit,
772 365 865 394 non
885 344 1096 394 diuturna
1113 344 1212 392 fuit.

125 428 220 476 Hac
245 445 420 493 quoque
443 426 494 474 de
519 443 671 481 causa,
698 423 735 472 si
757 436 799 472 te
820 423 1052 490 proverbia
1074 432 1285 485 tangunt,

190 507 343 553 Mense
366 502 500 552 malas
524 502 648 551 Maio
670 502 836 550 nubere
858 501 1015 564 vulgus
1032 501 1106 548 ait.

1472 512 1540 558 490

125 582 213 630 Sed
236 594 378 629 tamen
401 581 491 629 haec
516 580 597 628 tria
620 591 725 628 sunt
749 579 833 628 sub
860 579 1015 628 eodem
1039 589 1234 644 tempore
1256 575 1367 626 festa

191 660 311 706 Inter
335 675 381 706 se
402 656 528 704 nullo
552 656 807 704 continuata
831 656 913 704 die.

127 737 335 799 Quorum
361 736 398 784 si
425 735 580 783 mediis
602 736 810 783 Boeotum
833 733 1003 782 Oriona
1027 750 1218 798 quaeres3

191 812 346 861 Falsus
368 812 477 860 eris:
508 812 623 875 signi
647 830 776 860 causa
798 810 989 859 canenda
1011 808 1134 856 mihi.

126 891 329 957 Jupiter,
353 903 398 939 et
413 928 425 948 ‚
447 890 538 938 lato
561 889 637 956 qui
659 901 814 951 regnat
836 889 883 935 in
904 905 1099 954 aequore,
1122 884 1255 932 frater

1479 894 1546 941 49⁵

195 969 448 1035 Carpebant
470 967 611 1015 socias
626 1006 638 1025 ‚
662 966 1022 1030 Mercuriusque,
1042 963 1145 1010 vias.

129 1047 325 1111 Tempus
350 1057 468 1101 erat,
492 1063 583 1110 quo
606 1062 729 1091 versa
747 1043 856 1108 jugo
878 1041 1129 1089 referuntur
1150 1051 1315 1095 aratra3

197 1124 259 1171 Et
279 1141 470 1189 pronum
494 1133 650 1169 saturae
670 1119 737 1169 lac
756 1119 874 1167 bibit
895 1137 1033 1181 agnus
1056 1116 1164 1164 ovis.
1214 1146 1217 1148 ,

132 1255 157 1290 J
161 1255 282 1289 unium
296 1253 428 1288 differri
441 1266 450 1294 ;
462 1253 606 1297 ejusque
626 1251 677 1286 rei
692 1263 808 1286 causas

133 1309 248 1354 plures
259 1307 382 1349 adfert,
390 1306 495 1340 etiam
506 1305 608 1347 hanc,
621 1303 715 1349 quod
725 1311 810 1338 tunc

132 1359 280 1394 mortuis
295 1364 490 1404 parentent.
511 1356 612 1392 Idem
630 1369 704 1403 pag.
724 1355 780 1389 161
795 1380 806 1397 ,

134 1417 254 1445 auctor
275 1416 326 1444 est
341 1436 350 1452 ,
375 1408 518 1453 publicis
546 1407 640 1442 seriis
663 1410 809 1451 virgines

134 1475 207 1497 non
218 1462 350 1496 nubere
361 1487 370 1503 ,
386 1460 446 1495 sed
458 1463 639 1494 viduas.-
647 1460 722 1493 Non
731 1460 809 1492 diu-

133 1511 323 1555 lumasuil,
341 1525 414 1546 non
426 1510 487 1545 diu
503 1510 811 1552 vixit.—Propro-

135 1567 244 1599 verbm
259 1564 331 1598 duo
344 1566 495 1598 convivia
509 1574 521 1602 ,·
543 1561 626 1596 inde
644 1561 811 1596 Heinsius

135 1616 276 1660 conjicit
286 1629 327 1649 ne
336 1622 368 1649 te
377 1617 529 1649 convicia
538 1619 681 1657 tangant
687 1625 699 1654 ,·
711 1612 812 1647 male.

136 1687 179 1694 -
194 1669 287 1701 Inter
299 1680 336 1700 se
347 1669 438 1701 nullo
454 1673 518 1700 etc.
535 1664 722 1699 Consentit
736 1663 814 1698 Ka·-

136 1720 230 1755 lend.
248 1727 356 1755 vetus.
372 1739 416 1746 —
438 1721 472 1754 T
466 1730 613 1763 empore5
644 1718 813 1752 Mazarin.

139 1780 175 1808 et
193 1780 326 1818 septem
345 1773 401 1808 alii
419 1777 575 1815 uon11‘ue,·
601 1771 650 1806 sic
673 1778 709 1806 et
731 1770 813 1806 edit.

140 1825 311 1870 Neapolis.

185 1877 385 1924 493-544.V
394 1879 477 1912 Idus
490 1879 594 1912 Orion
602 1878 734 1912 occidit.
746 1876 816 1911 Hic

144 1928 289 1963 Orionis
308 1930 501 1973 procreatio
521 1937 557 1964 et
578 1930 698 1964 relatio
723 1929 817 1963 inter

142 1979 253 2014 sidera
271 1987 442 2014 narratur.
467 1980 636 2015 Fabulam
650 1980 741 2015 hanc
757 1980 817 2014 ab-

142 2031 284 2066 surdam
299 2039 334 2066 et
354 2032 549 2066 obscoenam
564 2032 695 2066 habent
712 2031 818 2066 etiam

146 2083 347 2128 Apollodor.
368 2084 404 2126 1,
428 2094 466 2117 1v
479 2109 489 2126 ‚
507 2083 550 2124 3;
567 2083 753 2128 Palaephat.
772 2087 792 2118 5
807 2096 818 2124 ς

146 2134 363 2170 Eratostbius
374 2161 384 2178 ,
402 2143 568 2184 Καταστιρ.
581 2149 597 2180 7
612 2141 648 2169 et
663 2135 703 2179 37
718 2149 727 2176 3
743 2134 821 2168 An—

145 2193 218 2220 ton.
236 2186 401 2221 Liberalis
414 2212 424 2228 ,
447 2188 488 2220 25
504 2200 513 2227 ;
535 2185 649 2220 schol.
670 2185 821 2220 Homeri

146 2238 189 2272 ad
212 2238 251 2273 ΙΙ.
273 2245 315 2280 Ζ,
336 2238 418 2281 486ς
443 2237 626 2285 Hyginus,
647 2237 714 2272 sab.
734 2241 820 2285 195;

146 2290 245 2324 Poet.
263 2290 404 2324 Astron.
419 2289 477 2332 11,
496 2289 537 2323 26
554 2296 589 2323 ct
605 2289 668 2332 34,
686 2289 822 2334 aliique.

147 2341 179 2375 E
195 2341 445 2376 recentioribus
462 2353 538 2375 eam
556 2341 712 2375 tractavit
730 2341 824 2375 Fur-

147 2393 303 2427 montius
318 2393 355 2427 in
374 2392 577 2427 comment.
592 2391 697 2427 Acad.
715 2392 823 2427 Paris.

151 2452 234 2480 tom.
246 2446 353 2490 XIV,
363 2460 396 2491 p.
410 2446 528 2489 16-41.
543 2445 686 2481 Veteres
698 2458 824 2491 magna

150 2499 315 2533 varietate
330 2512 408 2533 eam
423 2498 665 2545 prodiderunt.
683 2499 744 2533 Est
762 2511 825 2533 au-

153 2557 225 2584 tem
238 2550 342 2584 Orion
350 2564 455 2596 prope
466 2551 558 2585 viam
575 2552 721 2586 lacteam
731 2550 825 2585 sidus

154 2600 348 2646 egregium,
374 2602 429 2636 cui
447 2602 551 2637 hodie
572 2604 612 2648 78
631 2602 735 2637 stellae
755 2602 824 2636 tri-

153 2654 321 2686 buuntur.

197 2703 351 2737 Boeotum
363 2702 462 2747 dedi,
479 2717 552 2740 non
565 2707 707 2740 Boeoton
718 2733 726 2745 ,
746 2705 827 2750 quia

155 2767 277 2789 omnes
285 2740 356 2803 (δ
366 2754 460 2791 MSS
468 2756 827 2793 sicexhibentOriun-

873 1249 938 1284 dus
959 1255 1076 1283 autem
1104 1254 1179 1282 erat
1207 1246 1369 1291 Tanagra
1381 1271 1391 1289 ,
1420 1242 1550 1290 oppido

873 1302 1037 1342 Boeotiae;
1062 1299 1214 1345 Palaeph.
1230 1298 1302 1334 Sed
1320 1296 1493 1333 Pindarus
1511 1295 1551 1329 in

873 1352 1102 1400 dithyrambis
1116 1358 1251 1397 patrem
1267 1351 1344 1395 ejus
1359 1349 1492 1403 §bium
1503 1347 1552 1382 se·

873 1412 966 1440 cerat
986 1419 995 1446 ;
1024 1402 1285 1438 Aristomachus
1310 1401 1522 1436 Thebanum
1540 1413 1550 1439 ς

875 1457 1059 1504 Hyginus,
1081 1456 1118 1490 II
1132 1482 1142 1500 ,
1161 1456 1213 1490 25.
1229 1473 1273 1480 --
1290 1452 1439 1489 Plurimi
1454 1451 1553 1486 MSS

875 1509 981 1544 etiam
995 1511 1136 1554 φωνή-η
1157 1508 1193 1550 I,
1213 1507 1277 1540 313
1298 1519 1306 1540 ε
1314 1506 1448 1550 frustra
1462 1517 1553 1549 quoe-

875 1568 992 1595 runtur
1012 1562 1150 1594 brachia
1167 1560 1311 1600 Canem·
1331 1557 1392 1593 sed
1411 1558 1447 1592 11
1461 1583 1471 1599 ,
1491 1570 1528 1601 77
1544 1568 1554 1589 ι

877 1615 1029 1658 Dumque
1054 1613 1178 1657 Lyram
1204 1623 1326 1656 queres
1341 1616 1405 1644 etc.
1428 1609 1475 1643 Et
1497 1608 1556 1641 su-

877 1672 998 1699 turum
1016 1676 1112 1698 nunc
1123 1669 1261 1709 praestat
1275 1668 1416 1708 propter
1430 1664 1555 1694 eris.—

878 1719 1016 1752 Falsum
1031 1729 1106 1749 csse
1116 1742 1125 1756 ,
1144 1727 1260 1750 errare
1276 1728 1285 1756 3
1302 1714 1448 1747 Terent.
1462 1713 1555 1746 Eun.

881 1768 918 1802 11
930 1794 940 1810 ,
957 1778 988 1800 11
1001 1793 1011 1810 ,
1028 1768 1070 1810 43
1084 1779 1092 1800 :
1107 1765 1263 1809 utsalsus
1274 1765 1458 1798 animia-st]
1475 1764 1557 1798 Hoc

879 1819 955 1854 loco
971 1831 1044 1853 non
1069 1818 1226 1852 invenire
1246 1816 1339 1862 quod
1358 1816 1494 1862 quaeris.
1513 1834 1559 1842 —

879 1874 1014 1917 Jupiter
1033 1879 1069 1907 et
1089 1872 1274 1905 stlercurius
1293 1870 1415 1915 saepius
1434 1869 1559 1903 ambu-

880 1925 998 1960 labant
1017 1937 1088 1958 una
1107 1923 1143 1957 in
1165 1923 1287 1963 terris;
1307 1935 1404 1956 nunc
1423 1921 1562 1956 accessit

881 1980 1077 2022 Neptunus,
1110 1989 1217 2021 quem
1242 1983 1361 2011 tamen
1386 1974 1442 2009 alii
1467 1973 1558 2020 apud

883 2030 1090 2076 Hyginum,
1115 2029 1174 2072 11,
1201 2028 1266 2072 34,
1284 2027 1500 2070 omiserunt,
1524 2033 1561 2060 et

883 2082 940 2115 cui
965 2081 1109 2116 Tzetzes
1133 2079 1175 2115 ad
1201 2079 1374 2127 Lycophr.
1395 2078 1560 2114 cassand.

885 2133 950 2167 328
965 2158 975 2174 ,
995 2132 1195 2177 Apollinem
1210 2132 1396 2167 substituit.

929 2184 1003 2230 497.
1016 2183 1173 2229 Tempus
1186 2183 1424 2228 vespertinum
1435 2181 1563 2216 descri-

885 2235 935 2270 bit
953 2235 1026 2270 fere
1043 2243 1082 2270 ut
1094 2236 1262 2271 Horatius
1274 2262 1285 2280 ‚
1303 2235 1417 2282 Epod.
1433 2236 1483 2278 11,
1497 2235 1536 2268 51
1553 2247 1561 2268 :

888 2302 905 2317 «
925 2287 1032 2321 Juvat
1048 2294 1159 2333 pastae
1180 2300 1261 2323 oves
1278 2288 1409 2322 Videre
1434 2299 1563 2332 prope-

890 2356 907 2371 »
925 2348 1043 2376 rantes
1054 2341 1200 2376 domum
1213 2341 1221 2375 !
1239 2340 1370 2375 Videre
1385 2340 1490 2374 sessos
1501 2352 1566 2372 vo-

890 2406 908 2423 »
927 2405 1063 2427 merem
1075 2393 1252 2426 inversum
1263 2392 1367 2426 boves
1379 2389 1480 2425 Collo
1492 2397 1566 2424 tra-

890 2458 908 2473 »
926 2444 1050 2479 hentes
1067 2443 1229 2489 languido
1245 2445 1252 2478 !
1277 2458 1294 2473 υ
1312 2442 1383 2477 Sed
1400 2455 1480 2477 oves
1499 2442 1564 2476 alia

888 2496 1039 2542 imagine
1065 2496 1244 2531 exornavit
1259 2522 1269 2539 ,
1295 2495 1332 2529 in
1354 2507 1422 2540 qua
1445 2501 1565 2529 tamen

889 2547 1026 2583 dubites
1042 2574 1052 2591 ,
1076 2556 1198 2583 utrum
1213 2561 1354 2591 pronum
1377 2560 1458 2582 cum
1476 2547 1566 2582 Ma—

891 2602 995 2636 zarin.
1011 2608 1047 2636 et
1062 2600 1325 2636 Zulichemiano
1339 2599 1434 2635 unde
1450 2600 1568 2635 Hein-

890 2654 958 2688 sius
975 2653 1105 2699 accepit
1115 2680 1126 2696 ,
1143 2666 1188 2688 an
1199 2665 1280 2688 cum
1294 2653 1396 2698 longe
1411 2651 1569 2698 plurimis

885 2718 1011 2749 pronus
1029 2704 1200 2750 praeseras.
1226 2707 1370 2740 Pronum
1391 2707 1447 2739 luc
1460 2730 1469 2745 ‚
1498 2703 1569 2737 ‹le-

891 2758 1004 2793 ssuens
1029 2771 1069 2793 ex
1092 2757 1198 2793 ubere
1223 2757 1421 2799 submisso;
1445 2769 1572 2799 pronus
