1826 3054
558 242 951 288 FASTORUM
987 240 1118 284 LIB.
1154 242 1222 285 11.
1546 242 1602 302 93

247 338 308 385 Et
331 336 454 386 stetit
475 336 522 384 iu
544 353 650 384 saxo
672 335 874 402 proxima
896 351 1020 382 cerva
1039 331 1142 390 leae3

186 416 245 463 Et
266 415 358 463 sine
379 413 456 461 lite
478 411 643 479 loquax
661 431 763 461 cum
783 410 983 467 Palladis,
994 409 1097 458 alite
1117 409 1270 457 cornix

252 492 398 550 Sedit;
419 502 463 540 et
481 490 680 556 accipitri
700 491 852 555 juncta
875 488 1083 538 columba
1103 486 1202 536 fuit.
1565 512 1610 547 9⁰

188 569 377 636 Cynthia
403 586 515 634 saepe
534 567 622 615 tuis
646 567 787 615 fertur
804 604 816 625 ,
840 566 1003 616 vocalis
1021 565 1164 615 Arion
1178 602 1192 622 ‚

250 647 496 712 Tamquam
518 644 724 693 fraternis
747 644 1034 711 obstupuisse
1057 643 1217 692 modis.

188 726 359 772 Nomen
381 723 615 771 Arionium
639 722 811 771 Siculas
829 721 1085 788 impleverat
1102 720 1238 768 urbes
1250 755 1263 776 ‚

254 801 484 868 Captaque
508 813 601 850 erat
622 800 770 867 lyricis
789 799 986 848 Ausonis
1007 816 1085 847 ora
1105 798 1252 853 sonis;

188 879 297 926 Inde
320 878 502 927 domum
522 890 725 945 repetens
748 877 937 944 puppim
958 874 1214 924 conscendit
1236 874 1377 922 Arion
1393 909 1405 928 ‚
1565 886 1609 931 95

252 956 400 1022 Atque
426 957 487 1004 ita
512 956 715 1022 quaesitas
738 968 831 1004 arte
851 954 1022 1003 ferebat
1044 972 1162 1019 opes.

190 1034 393 1082 Forsitan
409 1072 421 1091 ‚
443 1032 597 1082 infelix
609 1071 622 1090 ‚
645 1045 799 1081 ventos
819 1032 1071 1097 undamque
1091 1028 1276 1078 timebas
1293 1047 1304 1085 ;

259 1112 323 1158 At
345 1110 427 1159 tibi
450 1129 557 1159 nave
580 1122 655 1173 tua
677 1110 819 1158 tutius
841 1127 993 1175 aequor
1013 1117 1106 1155 erat
1125 1126 1136 1153 :

195 1258 238 1264 -
252 1240 295 1273 In
310 1252 397 1275 sato
412 1239 559 1275 offendit
575 1239 763 1287 Ileinsium
776 1266 786 1283 ,
808 1252 874 1285 pro

196 1303 264 1335 quo
276 1291 426 1326 malebat
435 1305 455 1326 e
472 1292 633 1326 Puteano
642 1291 783 1336 infistae.
800 1290 873 1326 sed

196 1342 232 1376 in
247 1346 345 1376 saxis
359 1350 395 1377 et
409 1345 546 1387 rupibus
554 1344 784 1378 commoratio
797 1355 873 1378 cer-

197 1405 324 1427 vorum
355 1400 458 1439 atque
488 1393 645 1442 leonum5
671 1394 847 1429 Praeterea
859 1419 869 1437 ,

197 1444 291 1490 quod
306 1458 325 1479 e
341 1445 510 1481 Burman.
525 1445 765 1489 observatum,
783 1451 874 1480 stare

195 1500 231 1531 in
252 1509 339 1531 saxo
358 1497 448 1532 bene
472 1498 637 1533 convenit
662 1497 874 1544 praecedenti

196 1551 317 1584 cubare
324 1552 387 1584 sub
395 1553 565 1585 umbra.—
570 1552 740 1585 Conium
749 1557 785 1585 et
794 1562 875 1585 noc-

197 1609 292 1636 tuam
303 1602 484 1637 inimicitia
494 1602 680 1638 intercedit
692 1617 701 1643 ;
714 1602 874 1637 AElianus

196 1655 288 1690 Hist.
305 1656 373 1691 An.
384 1656 440 1691 Ill
453 1683 463 1700 ‚
479 1671 523 1705 93
540 1655 661 1692 confer
672 1656 708 1691 11
725 1656 873 1691 hletam.

198 1709 269 1754 590-
277 1721 340 1754 sqq
352 1735 362 1752 ‚
380 1709 441 1743 ubi
452 1722 507 1744 res
521 1723 562 1744 ex
575 1708 696 1744 sabulis
712 1708 875 1744 refertur.

198 1759 315 1795 Etiam
330 1759 398 1795 hoc
415 1761 527 1806 placet
538 1788 548 1803 ,
565 1760 660 1806 quod
675 1760 801 1795 harum
816 1760 876 1795 se—

196 1825 315 1846 rarum
332 1812 433 1847 aliam
438 1812 626 1857 fugientem
638 1841 647 1853 ,
678 1813 779 1848 aliam
789 1827 875 1857 per-

198 1871 381 1909 sequentem
391 1893 400 1905 ,
424 1865 527 1899 aliam
550 1869 723 1900 cubantem
732 1893 741 1905 ,
771 1873 876 1900 stan-

197 1921 263 1949 len
271 1943 281 1956 ‚
296 1920 459 1951 sedentem
469 1945 478 1957 ,
497 1924 532 1952 et
540 1918 683 1963 quidem
696 1918 732 1952 in
740 1921 874 1957 umbra,

200 1968 236 2002 in
247 1982 343 2009 sato,
363 1970 399 2004 in
412 1983 504 2004 ramo
515 1971 645 2005 arboris
654 1971 754 2005 nobis
764 1978 878 2005 osten—

203 2020 263 2054 dit.
273 2019 453 2056 Ceterum
459 2021 513 2056 his
524 2022 647 2057 similia
657 2023 762 2057 etiam
773 2023 808 2056 in
822 2022 876 2057 SS

201 2071 309 2106 literis
318 2072 502 2118 leguntur;
514 2072 589 2107 lsai.
599 2073 653 2108 XI
665 2100 675 2116 ,
684 2074 707 2108 6
717 2100 727 2117 ‚
744 2089 760 2102 π
772 2074 879 2108 Habi-

205 2139 223 2154 »
238 2125 324 2159 tabit
338 2126 438 2171 lupus
446 2138 527 2161 cum
537 2138 629 2172 agno
640 2152 649 2168 ,
662 2125 789 2171 pardus
797 2139 879 2160 cum

204 2189 222 2206 n
236 2175 340 2210 hoedo
353 2177 489 2212 cubavit
500 2191 508 2212 2
520 2178 647 2212 vitulus
655 2185 690 2212 et
699 2177 755 2211 leo
763 2184 798 2212 et
808 2179 880 2212 ovis

205 2242 223 2258 n
238 2228 340 2263 simul
355 2230 599 2264 morabuntur.
612 2245 629 2259 ν

246 2292 299 2326 9¹·
326 2279 443 2314 Etiam
467 2280 527 2315 Dii
551 2288 587 2315 et
606 2280 768 2315 homines
790 2279 881 2325 capti

203 2330 260 2365 illa
282 2345 365 2367 voce
379 2359 389 2375 ,
413 2335 603 2377 obtupuisse
624 2332 799 2367 dicuntur.
824 2332 882 2367 Sic

207 2381 382 2419 Cerberus
399 2398 452 2430 ap.
478 2386 667 2420 Horatium
680 2412 690 2428 ,
709 2393 743 2420 et
757 2385 882 2420 intima

205 2433 283 2469 Leti
307 2442 434 2470 tartara
466 2437 557 2482 apud
589 2437 777 2483 Virgilium
801 2443 883 2470 slu—

199 2493 283 2529 pent
295 2495 400 2522 cantu
418 2488 523 2523 Alcaei
543 2496 579 2523 et
599 2487 733 2534 Orphei
752 2503 760 2528 ς
787 2495 821 2522 at
838 2487 881 2521 de

207 2535 284 2571 Dea
300 2538 416 2573 minus
428 2539 494 2575 hoc
510 2540 603 2574 verb.
620 2540 741 2585 placet.
753 2539 883 2573 Melius

209 2587 333 2623 Horat.
351 2590 405 2626 ΙΙΙ
419 2617 429 2634 ,
448 2590 519 2626 Od.
538 2603 577 2625 xl
590 2618 600 2635 ,
618 2593 638 2626 8
652 2618 661 2634 ,
681 2606 698 2621 «
716 2591 784 2625 Dic
796 2603 882 2624 mo-

211 2655 229 2671 »
246 2640 326 2685 dos,
344 2642 440 2690 Lyde
456 2645 580 2690 quibus
595 2645 783 2679 obstinatas
802 2644 884 2689 Ap-

212 2707 230 2722 »
248 2693 349 2738 plicet
365 2707 473 2730 aures.
483 2711 500 2726 ι·
510 2715 554 2722 —-
566 2698 713 2734 Vocalis.
735 2703 859 2731 cantus
872 2721 882 2740 ,

212 2752 248 2779 ut
260 2749 387 2782 vocalis
405 2747 555 2792 Orpbeus
569 2749 730 2784 Horatio.

981 1238 1037 1286 93.
1056 1237 1174 1272 Etiam
1193 1235 1397 1271 Herodotus
1412 1233 1566 1270 Siciliam
1581 1239 1616 1268 et

938 1289 1075 1325 ltaliam
1085 1288 1249 1323 nominat
1259 1314 1269 1331 ‚
1287 1287 1347 1321 ubi
1362 1299 1445 1332 opes
1459 1285 1615 1331 college-

935 1341 993 1375 rit.
1009 1339 1096 1375 Illuc
1113 1365 1124 1382 ,
1146 1339 1249 1373 venia
1265 1338 1307 1372 ab
1325 1336 1519 1372 Periandro
1539 1337 1617 1370 im—

936 1398 1070 1438 petrata
1079 1418 1089 1435 ,
1100 1391 1241 1426 abierat.
1251 1391 1409 1425 Tarento
1419 1388 1594 1434 profectus
1605 1415 1616 1431 ,

937 1443 1084 1478 domum
1096 1442 1210 1477 redire
1225 1441 1462 1476 voluit—Pu>
1475 1454 1536 1476 ora
1547 1448 1617 1476 tres

938 1495 1039 1530 MSS
1056 1507 1144 1529 oras.
1163 1493 1251 1530 Inde
1269 1493 1436 1528 Heinsius
1454 1492 1595 1538 conjicit
1607 1519 1617 1535 ,

938 1561 1013 1583 non
1028 1547 1251 1594 improbante
1269 1547 1492 1589 Burmanno,
1508 1558 1619 1580 aures.

938 1599 1072 1635 Gellius
1085 1599 1119 1633 d.
1134 1599 1154 1633 Ι.
1168 1598 1212 1633 de
1228 1598 1383 1641 Arione,
1401 1612 1420 1627 «t
1434 1610 1535 1632 aures
1544 1609 1621 1631 om·-

941 1668 959 1684 »
975 1653 1076 1687 nium
1088 1659 1294 1696 mentesque
1305 1651 1342 1684 in
1355 1649 1537 1694 utriusque
1549 1655 1622 1683 ter-

941 1720 960 1736 »
976 1718 1024 1740 rae
1054 1704 1198 1739 urbibus
1221 1703 1395 1738 demulsit.
1421 1718 1438 1732 ›-
1466 1701 1537 1737 Sed
1561 1714 1622 1736 ora

941 1765 1081 1804 praestat
1095 1772 1103 1799 ;
1121 1757 1246 1791 melius
1261 1756 1358 1790 enim
1375 1754 1564 1800 respondet
1579 1761 1623 1802 τῷ

938 1812 1073 1845 Siculas
1094 1813 1201 1845 urbes.
1223 1809 1277 1843 Ut
1301 1809 1358 1843 hic
1374 1810 1526 1843 Ausonis
1538 1819 1621 1847 om,

939 1863 987 1898 sic
1006 1862 1072 1908 Ep.
1089 1862 1179 1896 XVI
1191 1887 1201 1904 ,
1220 1861 1285 1904 344
1297 1887 1307 1903 ,
1330 1861 1486 1894 Bistonis
1500 1869 1582 1900 om‚·
1603 1859 1622 1893 1

940 1915 1046 1949 Trist.
1061 1925 1107 1948 111
1122 1941 1132 1958 ,
1151 1915 1212 1956 84,
1230 1915 1331 1947 Italis
1348 1926 1409 1947 ota
1423 1924 1435 1954 ,·
1458 1912 1496 1946 11
1514 1911 1620 1946 Trist.

941 1969 1026 2011 224,
1041 1968 1158 2012 Illyn}
1172 1978 1234 1999 ora
1244 1991 1254 2007 ,
1272 1972 1307 1999 et
1318 1964 1443 2010 passim
1459 1965 1623 1998 &matis

941 2031 1012 2053 ora.
1025 2037 1069 2044 --
1090 2019 1258 2061 Quoesitas
1278 2029 1368 2060 opes.
1392 2015 1598 2050 Herodotus
1612 2041 1622 2056 ‚

942 2072 1141 2120 ἕργασάμενος
1164 2074 1310 2119 χρήματα
1335 2069 1474 2114 'equilum
1501 2068 1623 2115 Hygi-

941 2122 1105 2167 nus‚sab.
1125 2124 1207 2170 194,
1225 2137 1241 2151 «ι
1261 2121 1435 2167 Magnum
1452 2121 1624 2166 patrimo-

943 2189 963 2204 »
979 2175 1079 2209 nium
1096 2174 1332 2219 acquisiverat.
1349 2188 1367 2204 ν
1387 2173 1488 2208 Idem
1506 2171 1548 2206 de
1566 2172 1625 2206 Si-

942 2225 1086 2262 monide
1104 2225 1264 2261 traditur.
1273 2244 1317 2251 —
1328 2227 1439 2270 Atque
1451 2228 1511 2259 ila.
1529 2224 1625 2258 Bur—

943 2291 1094 2313 mannus
1110 2278 1227 2313 mallet
1238 2305 1248 2321 ,
1266 2280 1316 2312 Et
1330 2281 1405 2312 sibi.
1422 2279 1506 2313 Non
1519 2277 1623 2312 video

944 2344 1050 2377 quare
1062 2346 1071 2370 ς
1089 2331 1213 2366 crebro
1222 2331 1349 2366 Noster
1357 2331 1412 2366 his
1418 2330 1545 2365 voculis
1555 2330 1626 2365 uti-

946 2392 1017 2426 tur,
1029 2395 1240 2428 quamquam
1252 2396 1326 2417 non
1335 2396 1408 2418 uno
1418 2381 1627 2417 semu.vide

945 2435 988 2470 ad
1005 2436 1020 2470 1
1038 2434 1186 2468 Metam.
1202 2434 1276 2468 228.

989 2500 1042 2534 97.
1070 2484 1299 2530 Nempe-‚thoe
1321 2483 1407 2519 illud
1430 2491 1481 2519 est
1496 2509 1507 2527 ,
1530 2482 1627 2528 quod

946 2538 1115 2573 Horatius
1126 2564 1135 2580 ,
1155 2537 1213 2579 11,
1229 2535 1301 2571 od.
1315 2547 1384 2570 χιιι
1395 2563 1407 2580 ‚
1425 2537 1534 2571 13-20
1545 2548 1626 2570 mo·

946 2598 1028 2632 net,
1049 2602 1121 2623 non
1140 2588 1234 2633 quod
1253 2589 1397 2634 quisque
1414 2588 1561 2624 maxime
1581 2588 1627 2622 ti-

946 2651 1059 2686 meat,
1072 2642 1132 2677 sed
1144 2643 1366 2688 improvisam
1375 2642 1434 2676 leti
1443 2642 1515 2675 vim
1525 2640 1626 2674 nobis

945 2697 1086 2730 instare.
1111 2694 1222 2728 Arion
1243 2700 1360 2728 tamen
1382 2701 1417 2728 et
1440 2700 1560 2728 nautas
1580 2692 1627 2726 ti-

946 2746 1073 2781 muisse
1085 2745 1234 2782 videtur.
1244 2744 1446 2780 Herodotus
1455 2771 1465 2788 ,
1474 2746 1627 2789 :certio-(-
