1826 3054
553 148 951 195 FASTORUM·
974 149 1103 193 LIB.
1144 148 1239 192 IV.

1518 148 1606 208 259

190 245 348 293 Nasica
364 243 557 310 accepit3
582 239 737 308 templi
758 252 865 288 tunc
885 239 1055 292 exstitit
1076 250 1245 288 auctor.

255 324 483 386 Augustus
502 337 621 368 nnnc
643 330 737 376 est;
762 329 863 367 ante
883 315 1096 365 Metellus
1117 327 1224 364 erat.

193 399 402 448 Substitit
422 398 493 446 hic
514 398 650 444 Erato
669 415 679 444 ε
699 414 822 444 mora
842 394 916 451 fit,
937 393 975 442 si
998 404 1151 442 caetera
1171 410 1373 459 quaeram.

258 476 365 534 Dic,
389 475 591 541 inquam,
614 492 748 539 parva
766 491 846 520 cur
866 471 980 538 stipe
1005 481 1171 537 quaerat
1194 469 1341 536 opes?

1549 480 1614 514 350

196 551 396 601 Contulit
416 571 474 600 aes
495 549 718 618 populus,
743 549 796 598 de
821 568 912 615 quo
937 547 1120 596 delubra
1137 544 1348 595 Metellus

258 630 379 678 Fecit
392 666 405 684 ‚
427 629 489 677 ait
507 649 518 676 :
539 627 692 676 dandae
712 646 810 676 mos
830 625 961 693 stipis
982 624 1087 673 inde
1108 634 1269 673 manet.

197 706 288 754 Cur
308 706 479 754 vicibus
500 704 627 753 factis
650 704 800 755 ineant
821 703 1045 759 convivia,
1073 719 1221 768 quaero
1239 738 1251 758 ‚

258 784 298 830 T
299 801 375 830 um
395 782 558 845 magis,
584 780 771 829 indictas
794 779 1193 845 concelebrentque
1218 777 1364 843 dapes.

196 892 413 928 ctisternium
422 890 538 926 etludi
547 890 646 926 fuere
655 917 665 934 ,
681 889 871 935 Megalesia

196 944 374 991 appellata.
397 944 507 978 Anno
527 956 599 988 seq.
622 943 677 977 M.
701 940 872 977 Cornelio

199 996 361 1042 Cethego
374 1022 383 1039 ,
400 996 441 1031 P.
460 995 674 1040 Sempronio
693 994 873 1028 Tuditano

198 1062 282 1084 coss.
297 1047 410 1082 adem
421 1047 452 1082 ei
461 1046 657 1082 faciendam
666 1052 875 1080 exsenatus-

200 1101 359 1136 consulto
366 1100 568 1134 locaverunt
582 1110 757 1140 censores,
769 1109 876 1142 quam

202 1152 371 1187 tredecim
383 1151 483 1186 annis
495 1156 571 1196 post
577 1148 748 1184 dedicavit
755 1148 808 1183 M.
816 1148 840 1183 J
842 1162 879 1183 u·

202 1205 280 1239 nius
299 1205 440 1239 Brutus.
461 1201 551 1236 Ludi
572 1201 618 1236 ob
636 1213 715 1236 eam
731 1200 878 1235 dedica-

204 1257 337 1290 tionem
354 1254 454 1298 sacti,
473 1266 560 1299 quos
578 1253 709 1299 prImos
726 1252 879 1287 scenicos

202 1308 305 1343 fuisse
314 1333 324 1351 ‚
338 1305 461 1341 Antias
471 1312 592 1341 auctor
603 1304 738 1345 suerat3
754 1304 882 1349 Mega-

203 1359 283 1394 lesia
308 1356 475 1403 appellata
491 1370 502 1398 3
524 1355 642 1391 Livius
656 1383 667 1397 ‚
692 1355 855 1390 XXXVI
868 1381 879 1399 ‚

203 1411 256 1445 36.
265 1428 310 1438 —
328 1410 595 1453 Templiexstitit
602 1413 730 1443 auctor.
739 1408 882 1443 Fortas-

202 1473 239 1495 se
250 1473 294 1495 eo
310 1467 450 1495 auctore
464 1458 806 1494 senatusconsultum
822 1459 883 1492 sa-

202 1520 299 1547 ctum
306 1519 359 1547 eat
369 1511 414 1547 de
423 1511 554 1557 templo
563 1510 787 1552 exstruendm
794 1511 885 1545 Bur-

203 1577 354 1599 mannus
368 1562 534 1599 suadebat
550 1575 560 1597 t
577 1564 711 1607 Templa·
716 1570 817 1607 pater
827 1575 884 1597 ez·-

204 1619 297 1650 stitit
307 1621 446 1656 auctam·
466 1621 508 1649 ut
523 1614 597 1649 hcc
616 1613 764 1648 Claudia
778 1613 884 1648 fuerit

206 1669 276 1703 filia
292 1667 431 1703 Claudii
452 1667 606 1703 Neronis
623 1666 777 1702 censoris
792 1692 802 1710 ,
823 1667 885 1711 qui

207 1735 288 1757 cnm
299 1722 429 1768 collega
437 1722 537 1756 Livio
548 1722 670 1756 locavit
679 1720 808 1762 aedem3
823 1720 884 1755 sed

211 1773 366 1819 proxime
377 1800 388 1817 ,
410 1773 567 1808 hocloco
579 1798 591 1817 ,
614 1773 787 1818 processit
802 1774 886 1806 Na-

209 1828 300 1864 sica,
321 1836 394 1859 non
409 1825 573 1866 Glandim-
588 1823 758 1858 Krebeius
768 1823 886 1857 defen-

212 1875 262 1911 dit
274 1876 453 1921 antiquam
467 1875 655 1910 lectionem
665 1889 731 1910 non
739 1879 891 1920 perstem

211 1935 337 1969 auctor,
348 1940 421 1963 non
432 1928 560 1962 mansit
566 1927 889 1971 solua—Angustus

213 1981 256 2015 de
269 1993 305 2015 se
321 1980 391 2026 ipse
407 1980 444 2014 in
457 1979 560 2014 Mon.
572 1978 704 2026 Ancyr.
721 1992 740 2007 α
755 1978 888 2013 AEdem

216 2047 232 2061 ›-
244 2031 372 2066 Matris
533 2029 572 2064 in
583 2029 718 2064 Palatio
726 2028 804 2063 feei.
817 2043 836 2058 ι
845 2047 890 2055 -

213 2084 406 2127 Hetellnae‚·
424 2090 511 2128 puto
534 2081 574 2117 L.
594 2078 780 2116 Metellum
802 2079 891 2125 Dal-

214 2135 383 2170 maticum
398 2133 563 2179 intelligi,
580 2145 636 2167 an.
649 2145 684 2166 u.
698 2146 727 2167 c.
742 2132 809 2176 834
822 2144 891 2168 coe.

218 2188 455 2234 eumdemque
480 2199 663 2222 censorem
681 2213 691 2230 ‚
717 2199 736 2220 a
762 2199 833 2232 quo
856 2193 893 2221 et

219 2242 372 2286 porticus
386 2247 422 2276 et
435 2239 590 2275 Castoris
603 2238 694 2274 aedes
711 2245 892 2274 exstructa.

223 2291 402 2328 Ceterum
416 2291 460 2327 de
477 2292 517 2326 P.
531 2290 694 2337 Scipione
709 2317 719 2334 ,
736 2291 813 2325 viro
827 2303 894 2336 op·-

222 2344 327 2387 timo,
342 2356 437 2378 sau-a
455 2343 513 2377 illa
533 2342 757 2377 sanctissimis
772 2342 895 2376 mani-

222 2394 286 2430 bus
310 2395 496 2440 accipiente
512 2421 523 2438 ,
551 2394 631 2429 vide
655 2393 867 2429 Ciceronem
882 2420 892 2438 ,

224 2447 375 2493 Harusp.
401 2447 461 2489 13;
481 2446 662 2482 Valerium
685 2447 779 2481 Max.
796 2446 869 2481 Vll
882 2472 893 2491 ,

226 2500 266 2540 53
282 2497 397 2543 VIII,
417 2501 480 2542 ¹⁵3
500 2498 648 2543 Silium,
668 2498 798 2542 XVII,
818 2500 850 2532 5.

274 2552 348 2600 349.
378 2551 477 2587 Olim
506 2551 674 2588 edebatur
699 2556 752 2586 sic·
778 2557 898 2585 celera

224 2616 339 2647 quem.
349 2602 421 2638 Sed
433 2602 506 2639 hec
514 2604 629 2650 potius
638 2617 657 2639 a
668 2603 809 2639 librario
819 2615 898 2649 pro-

224 2653 313 2688 secta
338 2653 502 2689 videntur
520 2681 532 2700 ,
555 2668 662 2700 quam
684 2655 898 2701 elegantiora

937 888 995 923 illa
1005 914 1016 932 ,
1032 891 1196 921 se‘caetera
1208 897 1363 930 quaemm.
1374 901 1418 909 -
1428 884 1552 927 Stipem
1569 882 1621 915 vir

939 941 1114 988 Phrygius
1127 946 1163 974 et
1174 938 1303 973 mulier
1314 937 1468 983 Phrygia
1479 962 1489 979 ,
1503 935 1619 982 Deam

939 991 1227 1027 circumferentes
1239 1016 1248 1032 ‚
1261 996 1295 1023 et
1312 987 1550 1033 imagunculas
1563 1000 1619 1032 pe-

938 1043 1027 1078 ctori
1039 1042 1190 1088 alligatas
1199 1047 1384 1087 gestantes,
1398 1038 1624 1084 colligebant;

943 1095 1037 1141 quod
1070 1094 1212 1140 proprio
1237 1092 1347 1127 verbo
1375 1099 1597 1141 pnrpuqup-:tlv
1609 1117 1619 1133 ‚

943 1146 987 1181 de
999 1158 1070 1191 quo
1079 1145 1157 1179 vide
1171 1142 1428 1179 Ruhnkenium
1442 1142 1484 1176 ad
1496 1142 1623 1176 Timaei

943 1198 1056 1234 Gloss.
1067 1211 1142 1244 pag.
1151 1198 1184 1232 6.
1196 1196 1366 1231 Meminit
1376 1195 1506 1230 Noster
1521 1194 1626 1238 hujus

943 1253 1044 1294 stz'ln's
1057 1250 1164 1284 etiam
1180 1249 1198 1283 1
1213 1261 1256 1283 ex
1274 1248 1414 1290 Ponto,
1432 1257 1447 1280 1
1458 1272 1469 1290 ‚
1484 1248 1549 1290 4ο,
1566 1245 1629 1280 ubi

945 1300 1041 1336 addit
1058 1314 1067 1336 ς
1083 1315 1101 1330 α
1113 1298 1222 1335 Unde
1238 1306 1357 1334 tamen
1372 1297 1465 1332 vivat
1477 1323 1488 1341 ,
1504 1297 1630 1332 vatici-

948 1366 967 1383 ›-
983 1358 1087 1386 nator
1096 1350 1213 1386 habet.
1225 1364 1243 1380 ›-
1251 1350 1336 1385 Non
1344 1348 1434 1383 adeo
1438 1362 1581 1393 panant
1592 1349 1629 1383 il-

945 1406 1016 1442 lam
1027 1405 1155 1450 stipem
1164 1403 1246 1439 facit
1257 1403 1440 1438 Lucretius
1451 1428 1461 1446 ,
1475 1402 1531 1445 11,
1547 1402 1631 1437 626:

949 1472 968 1488 ιι
984 1457 1071 1492 AEre
1090 1464 1195 1502 atque
1220 1462 1368 1502 argento
1383 1461 1548 1490 sternunt
1564 1454 1635 1488 iter

949 1525 967 1541 >n
985 1508 1092 1544 omne
1110 1509 1269 1552 viarum,
1289 1506 1459 1553 Largifica
1477 1507 1566 1551 stipe
1577 1506 1635 1540 di·-

950 1578 969 1593 »
985 1569 1110 1597 tantes.
1119 1576 1138 1591 »
1149 1560 1219 1596 Sed
1232 1567 1327 1595 errat
1337 1558 1506 1602 Ovidius,
1519 1571 1631 1604 quum

948 1615 1032 1650 inde
1054 1617 1175 1649 danda
1197 1617 1299 1659 311)νὺ-
1321 1626 1443 1647 morem
1466 1616 1634 1647 mansisse

950 1667 999 1702 ait
1011 1681 1020 1708 ;
1038 1665 1172 1701 etenim
1181 1666 1315 1715 ἐγείρειν
1322 1671 1406 1712 θεῷ,
1416 1664 1543 1710 stipem
1555 1664 1634 1699 Deo

953 1719 1054 1754 alicui
1080 1718 1264 1764 colligere,
1291 1717 1484 1752 admodum
1503 1717 1636 1752 solem-

950 1783 997 1805 ne
1009 1777 1084 1805 erat
1093 1796 1104 1813 ,
1122 1775 1314 1815 utapparet
1325 1782 1344 1804 e
1358 1767 1564 1804 Ruhnkeuii
1576 1769 1631 1804 di·-

950 1829 1008 1857 cto
1022 1822 1109 1856 loco.

997 1873 1073 1908 353.
1086 1871 1349 1917 Megalensibus
1362 1871 1537 1917 principes
1550 1872 1635 1906 civi-

953 1926 1032 1961 tatis
1046 1934 1162 1960 mutua
1175 1925 1270 1959 inter
1281 1937 1316 1959 se
1327 1924 1484 1959 convivia
1502 1924 1635 1971 agitare

952 1977 1111 2013 solebant
1122 2003 1132 2020 ‚
1153 1976 1249 2022 quod
1271 1976 1380 2011 verbo
1394 1977 1539 2023 proprio
1554 1990 1637 2011 nm-

953 2032 1053 2064 titan
1065 2028 1221 2071 dictum;
1238 2027 1373 2064 Gellius
1383 2055 1394 2072 ,
1411 2029 1513 2064 Noct.
1527 2029 1635 2064 Attio.

955 2081 1013 2124 Π,
1034 2083 1099 2125 24,
1115 2081 1178 2116 ubi
1198 2081 1252 2117 lex
1271 2082 1464 2116 summaria
1494 2095 1635 2117 memo-

955 2140 1055 2167 ratur
1074 2132 1320 2168 minitantibus
1337 2133 1423 2168 otim
1441 2133 1519 2168 lata.
1546 2133 1639 2168 Cato

958 2184 1051 2231 apud
1063 2183 1178 2220 Cicer.
1190 2185 1235 2220 de
1248 2186 1389 2222 Senect.
1408 2187 1448 2222 13
1460 2199 1469 2221 ε
1482 2201 1502 2217 ιι
1517 2187 1637 2221 Soda-

960 2253 978 2268 ›·
994 2237 1105 2272 litate·
1118 2244 1236 2273 autem
1246 2265 1257 2283 ,
1272 2251 1330 2273 me
1341 2245 1513 2284 questore
1522 2264 1532 2282 ‚
1544 2252 1639 2274 oon-

961 2303 979 2319 ¹³
994 2289 1123 2324 stitutae
1147 2296 1231 2324 sunt
1253 2290 1357 2325 sacris
1376 2290 1479 2324 ldaeae
1495 2289 1639 2335 Magna

961 2356 980 2372 ιο
997 2342 1124 2376 Matris
1147 2342 1304 2387 acceptis.
1329 2341 1508 2387 Epulabar
1531 2341 1640 2387 igitur

963 2408 982 2424 ιι
996 2406 1078 2428 cum
1097 2392 1271 2428 sodalibus
1290 2393 1439 2427 modice.
1458 2407 1478 2422 ιο
1500 2393 1640 2428 Vocem

961 2444 1138 2490 propriam
1156 2444 1264 2478 etiam
1285 2443 1353 2479 boc
1374 2444 1452 2479 loeo
1472 2444 1641 2480 Heinsius

963 2496 1045 2531 dare
1061 2495 1221 2538 volebat,
1245 2508 1358 2541 quum
1381 2502 1451 2531 tan
1471 2500 1582 2540 meis
1604 2496 1642 2530 in

962 2553 1109 2584 nutnita
1119 2555 1273 2583 mutnet
1286 2562 1295 2590 ;
1315 2548 1376 2584 sed
1388 2548 1588 2584 Gronovius
1598 2548 1645 2583 ad

963 2600 1069 2636 Gellii
1084 2600 1167 2635 dict.
1179 2600 1296 2635 locum
1308 2600 1490 2647 negathoc
1500 2600 1645 2647 adjecti⁴

964 2665 1050 2688 vum
1066 2654 1104 2688 in
1119 2665 1185 2688 usn
1197 2651 1312 2689 fuisse.
1330 2654 1476 2700 Foggin.
1491 2653 1535 2689 ad
1547 2654 1643 2687 Ver-
