1826 3054
511 271 899 317 FASTORUM
945 271 1076 313 LIB.
1115 271 1208 314 VI.

1469 268 1553 324 413

139 369 201 416 At
226 367 349 415 focus
370 385 395 413 a
417 363 599 413 flammis
615 401 628 420 ‚
651 375 719 420 et,
748 361 868 429 quod
895 360 1014 409 fovet
1036 362 1209 417 omnia,
1237 360 1405 419 dictns;

205 445 296 508 Qui
324 457 466 492 tamen
489 442 534 490 in
558 440 714 508 primis
737 439 906 488 aedibus
927 450 1027 487 ante
1047 437 1144 486 suit.

142 524 259 572 Hinc
284 541 461 589 quoque
485 518 750 568 vestibulum
774 517 858 566 dici
882 536 982 565 reor
1002 516 1132 564 :inde
1148 515 1366 583 precando

208 599 420 648 Adsamur
442 599 646 654 Vestam;
673 597 785 660 Quae
806 595 900 643 loca
918 594 1060 661 prima
1082 606 1218 642 tenes.

142 678 260 725 Ante
284 676 407 724 focos
430 675 538 724 olim
561 674 708 737 longis
730 672 955 721 considere
977 672 1164 720 scamnis

1498 683 1564 718 305

210 754 312 801 Mos
334 764 451 810 erat;
479 764 521 800 et
544 770 702 800 mensae
723 750 896 799 credere
919 748 1068 798 adesse
1091 748 1212 796 deos.

143 832 271 877 Nunc
296 849 496 896 quoque,
524 847 661 895 quum
684 827 797 876 finnt
819 826 1008 890 antiquae
1033 842 1152 874 sacra
1177 825 1390 879 Vacunae,

208 908 324 954 Ante
347 905 590 954 Vacunales
614 916 820 970 stantque
841 902 1077 967 sedentque
1099 901 1236 949 focos.

145 984 277 1031 Venit
297 983 343 1031 in
364 983 449 1031 hos
473 1002 612 1031 annos
635 980 801 1048 aliquid
823 979 876 1027 de
897 997 1018 1027 more
1042 988 1217 1026 vetusto
1238 996 1248 1023 :

209 1062 312 1108 Fert
334 1060 496 1108 missos
516 1061 662 1108 Vestae
684 1076 796 1126 pura
815 1054 977 1123 patella
1000 1055 1140 1103 cibos.

1498 1067 1564 1101 3¹0

148 1138 281 1193 Ecce,
302 1137 522 1184 coronatis
545 1135 672 1202 panis
695 1133 911 1201 dependet
931 1131 1100 1188 asellis;

213 1218 272 1264 Et
292 1215 435 1264 velant
459 1215 635 1264 scabras
659 1213 813 1262 florida
839 1222 952 1261 sciata
972 1207 1122 1258 molas.

151 1327 296 1368 terim,
328 1328 345 1359 ὅ
363 1328 443 1360 ἔστιν
461 1328 490 1359 ἰν
517 1328 560 1360 ἔνι’
578 1327 658 1371 τόκῳ
678 1327 827 1373 &pilo-Oen·

154 1376 200 1410 Et
224 1376 271 1410 sic
294 1388 375 1410 sane
400 1375 588 1410 scholiasta
615 1375 767 1420 quidam.
782 1392 827 1400 ·-

156 1429 257 1470 Quod
256 1427 375 1470 soret5
394 1427 430 1461 id
447 1439 586 1471 quoque
601 1427 773 1471 ineptum.
783 1444 827 1451 —

149 1481 283 1514 Primos
292 1482 380 1514 edes
391 1479 560 1514 Krebsius
571 1478 740 1513 intellexit
751 1478 827 1513 adi-

150 1536 227 1564 tum
242 1531 374 1576 templi.
397 1531 514 1565 lmmo
531 1529 576 1565 de
598 1529 729 1564 aedibus
751 1529 826 1564 hu-

151 1583 262 1619 manis
277 1584 408 1629 cogita,
428 1595 620 1627 earumque
632 1582 802 1617 vestibulo
815 1596 824 1623 ς

150 1635 227 1670 vide
244 1636 286 1670 ad
302 1637 315 1671 l
330 1663 339 1679 ,
363 1637 434 1682 ¹37·
447 1635 562 1670 Graeci
577 1637 694 1670 Vestae
705 1636 827 1680 primae

150 1700 245 1722 sacra
259 1687 430 1723 faciebant
450 1715 459 1731 ,
486 1688 581 1733 prius
595 1688 701 1722 etiam
721 1700 827 1733 quam

152 1739 230 1773 Jovi
241 1753 250 1779 ;
262 1739 339 1774 vide
349 1740 504 1785 Lipsium
511 1740 554 1774 de
565 1739 671 1774 Vesta
680 1766 690 1782 ,
702 1752 775 1785 cap.
787 1754 805 1773 2
815 1765 825 1779 ,

152 1790 207 1823 cui
217 1789 368 1825 Ovidius
378 1803 517 1836 quoque
530 1790 583 1825 his
593 1791 707 1824 verbis
717 1803 760 1824 eo
772 1789 829 1823 ad-

154 1840 270 1876 lusisse
284 1842 442 1885 videtur,
462 1854 675 1887 quamquam
694 1842 765 1887 ipse
785 1840 830 1875 ad

156 1893 359 1927 vestibulum
373 1894 539 1928 retulerit.
552 1894 669 1939 Vulgo
683 1894 829 1939 legitur:

154 1948 233 1979 inde
251 1949 422 1989 precando
453 1949 607 1981 Dicimus
624 1973 634 1987 ‚
663 1960 700 1980 o>
717 1949 830 1981 Vesta.

158 1998 262 2032 Multi
279 2011 287 2032 :
311 2000 390 2042 Quae
398 1999 519 2042 famur
531 2000 633 2032 Vesta
648 2005 708 2032 aut
720 2005 832 2032 vestra

157 2059 232 2092 ειη
256 2059 326 2086 tres
348 2051 522 2095 Adsamur
547 2052 682 2085 Vestam
698 2077 707 2088 .
737 2049 832 2095 quod

160 2103 326 2138 Heinsius
340 2103 492 2149 praetulit
504 2129 514 2146 ‚
538 2103 597 2147 qui
614 2110 732 2136 tamen
749 2114 834 2135 ma·—

157 2157 198 2191 lit
212 2159 396 2200 :precando
406 2157 591 2200 Presamur
604 2157 738 2190 Vestam
748 2182 756 2194 ‚
775 2162 835 2189 aut

154 2222 332 2255 precamur
342 2208 486 2252 Praefale‘
498 2210 632 2242 Vestam
645 2219 656 2248 ς
668 2220 751 2241 nam
756 2220 835 2250 pre-

157 2275 273 2296 camur
285 2273 356 2295 esse
377 2260 411 2294 in
433 2260 590 2305 plurimis
609 2259 725 2299 MSS;
738 2273 836 2303 pre·-

151 2314 315 2357 san‘deos
324 2320 441 2347 autem
448 2324 537 2357 saepe
544 2324 737 2346 occurrere.
749 2311 837 2345 Bur·

164 2377 312 2399 mannus
320 2371 486 2410 praeterea
495 2366 573 2397 inde
580 2363 708 2397 mutari
717 2362 789 2397 vult
800 2362 837 2396 in

163 2422 269 2464 (ηις.

209 2471 284 2505 305.
301 2469 418 2504 Etiam
434 2467 600 2513 Virgilius
613 2494 623 2510 ,
641 2466 724 2501 AEn.
741 2465 815 2501 VII
828 2491 838 2507 ,

174 2522 232 2567 176
244 2534 253 2555 t
267 2536 285 2551 σι
298 2521 481 2567 Perpetuis
495 2520 585 2554 soliti
598 2526 712 2564 patres
725 2518 841 2553 consi-

171 2588 188 2603 »
208 2573 290 2607 dere
303 2573 433 2607 mensis
444 2599 455 2615 ,
469 2587 487 2602 υ
501 2572 560 2605 ubi
574 2571 652 2604 vide
666 2571 839 2605 Servium.

168 2626 275 2660 —De
295 2627 454 2664 Vacua,
484 2625 550 2659 dea
570 2624 632 2658 otii
654 2631 689 2658 et
707 2636 841 2657 vacan-

170 2678 279 2720 tium,
297 2676 376 2711 vide
399 2676 536 2711 Horatii
560 2676 710 2720 interpp.
732 2674 775 2708 ad
800 2675 841 2717 I,

170 2729 234 2774 Ep.
252 2740 273 2762 x
282 2754 292 2771 ,
311 2733 363 2775 49.
375 2746 420 2753 —
432 2730 487 2762 De
501 2740 589 2762 more
602 2734 732 2761 wtuslo
741 2753 749 2763 ,
771 2726 842 2760 scil.

167 2778 371 2815 considendi
380 2787 460 2814 ante
470 2778 573 2814 focos.
586 2779 681 2813 Hinc
689 2777 755 2812 eibi
767 2776 844 2810 mit—

891 1321 1057 1356 tebantur
1081 1320 1207 1358 Veste,
1236 1317 1274 1352 in
1300 1316 1419 1352 focum
1437 1317 1571 1351 Vesta-

891 1371 1098 1407 lem—Fert
1106 1396 1115 1410 ‚
1132 1369 1470 1404 continet—Puram
1482 1367 1571 1401 Nea·

886 1424 973 1470 polis
982 1436 1076 1458 nunc
1086 1421 1232 1467 explicat
1240 1447 1249 1464 ,
1261 1420 1435 1455 detersam
1444 1446 1454 1462 ‚
1466 1431 1568 1453 mun-

887 1477 969 1512 dam
985 1492 994 1519 ;
1020 1487 1232 1521 quamquam
1256 1487 1376 1519 purum
1400 1479 1437 1507 et
1462 1485 1568 1507 omne

887 1528 924 1563 id
935 1556 944 1573 ,
965 1528 1059 1573 qnod
1076 1527 1179 1562 rebus
1194 1526 1297 1561 sacris
1313 1525 1468 1560 inservit.
1478 1525 1572 1559 Tres

890 1583 1023 1617 Vaticc.
1039 1594 1157 1621 curva,
1178 1579 1273 1614 unde
1291 1578 1459 1613 Heinsius
1478 1590 1572 1612 con-

894 1635 967 1680 jicit
980 1639 1086 1668 curta.

934 1687 973 1720 31
983 1700 1010 1720 1.
1035 1685 1170 1719 Diebus
1195 1683 1325 1717 seriatis
1354 1683 1461 1717 etiam
1486 1681 1571 1716 ani—

891 1739 1023 1774 mantia
1040 1737 1200 1772 coronari
1213 1736 1385 1779 solebant,
1398 1742 1438 1770 ut
1449 1737 1575 1780 juven-

890 1791 922 1825 ci
938 1790 955 1825 Ῑ
969 1817 978 1833 ,
999 1790 1065 1824 663
1077 1816 1087 1832 ,
1105 1788 1208 1824 catuli
1225 1795 1289 1823 etc.
1308 1787 1400 1822 Vide
1414 1787 1573 1821 VVern·

890 1841 995 1877 sdors.
1012 1841 1053 1875 ad
1069 1842 1194 1876 Poetas
1206 1841 1334 1874 minor.
1351 1846 1436 1874 torn.
1448 1839 1465 1874 1
1475 1865 1485 1882 ‚
1497 1851 1574 1884 pag.

893 1894 967 1928 253.
1003 1892 1060 1927 Ad
1091 1899 1254 1927 nostrum
1280 1891 1396 1926 locum
1420 1891 1577 1936 pertinet

893 1945 1054 1990 Propert.
1073 1944 1139 1987 w,
1155 1955 1168 1978 1
1181 1970 1191 1987 ,
1210 1957 1247 1978 αι
1265 1970 1274 1986 ,
1293 1942 1353 1976 ubi
1365 1942 1409 1976 de
1425 1941 1576 1986 antiquis

894 1997 1110 2041 temporibus
1127 2009 1135 2030 :
1151 2010 1169 2025 «ι
1185 1996 1292 2029 Vesta
1305 1994 1479 2028 coronatis
1487 2006 1577 2038 pau-

894 2061 959 2094 per
967 2048 1138 2094 gaudebat
1152 2047 1272 2082 asellis.
1281 2062 1299 2076 ›-
1309 2046 1471 2081 —Recte
1482 2047 1577 2080 Nea-

895 2101 982 2146 polis
1000 2106 1121 2145 putat,
1133 2112 1259 2143 panem
1272 2101 1505 2142 dependentem
1520 2098 1579 2132 ha-

895 2152 1009 2186 buisse
1029 2150 1181 2185 sormam
1203 2162 1364 2190 ποι-οπως
1383 2163 1471 2185 vers.
1489 2150 1551 2195 347
1567 2164 1576 2185 ι

897 2206 1034 2247 depone
1044 2205 1223 2237 monih'bus
1233 2215 1345 2236 omas.
1357 2202 1557 2237 Lactantius
1566 2229 1577 2246 ,

899 2255 985 2289 Inst.
999 2254 1037 2297 1,
1057 2265 1119 2287 111
1132 2279 1142 2296 ‚
1162 2254 1203 2288 26
1220 2267 1229 2288 ι
1249 2267 1266 2283 σι
1283 2254 1418 2288 asinum
1427 2254 1581 2288 Vestali·

899 2307 963 2342 bus
975 2307 1120 2352 panibus
1136 2307 1307 2340 coronari.
1321 2321 1338 2335 »
1349 2306 1580 2350 Quamquam

902 2366 938 2393 et
948 2357 1051 2393 flores
1063 2357 1302 2397 addebantur-2
1317 2371 1365 2392 vs.
1379 2358 1453 2404 469.
1469 2357 1581 2391 Erant

901 2418 1019 2445 autem
1035 2410 1202 2444 molitorii
1216 2410 1301 2444 asini
1315 2436 1325 2452 ,
1342 2410 1465 2454 quibus
1476 2408 1510 2442 id
1521 2408 1582 2442 ho·

902 2461 999 2496 noris
1014 2461 1207 2495 habebatur
1222 2475 1230 2501 ;
1251 2460 1346 2495 unde
1363 2467 1397 2495 et
1416 2463 1511 2494 mole
1525 2459 1582 2494 ad-

903 2513 1047 2547 duntur.
1072 2513 1140 2547 Eas
1156 2520 1190 2547 et
1207 2513 1286 2546 alibi
1302 2514 1443 2546 scabras
1458 2518 1557 2546 vocat
1571 2525 1581 2552 ς

904 2567 982 2600 Art.
1002 2566 1160 2600 Amator.
1179 2566 1255 2607 111,
1275 2577 1339 2612 ²9⁰
1357 2577 1366 2598 ε
1385 2579 1402 2594 οι
1420 2564 1474 2599 Ut
1489 2563 1582 2598 rudit

905 2619 947 2652 ad
966 2620 1120 2653 scabram
1136 2619 1245 2663 turpis
1270 2617 1370 2652 asella
1386 2616 1516 2650 molam
1533 2631 1542 2657 3
1564 2632 1581 2646 »ι

906 2670 1094 2704 Medicam.
1108 2669 1220 2704 Faeiei
1232 2696 1242 2712 ,
1258 2670 1301 2704 58
1316 2682 1325 2703 :
1340 2683 1359 2699 «
1373 2669 1484 2703 Lenta
1500 2669 1581 2713 jube
1642 2683 1643 2686 ¹

906 2724 1024 2758 scabra
1039 2722 1177 2768 frangat
1196 2721 1295 2756 asella
1311 2722 1413 2756 mola.
1427 2736 1444 2750 »ι
1469 2720 1584 2755 Causa

906 2774 1012 2819 hujus
1020 2774 1183 2820 epitheti,
1195 2787 1214 2808 e
1226 2774 1359 2809 Seneca
1371 2799 1381 2816 ,
1402 2773 1508 2818 Epist.
1518 2786 1561 2819 90
1573 2798 1582 2814 ,
