1826 3054
487 151 899 197 FASTORUM
938 153 1071 196 LIB.
1110 153 1204 196 IV.

1488 153 1578 214 269

163 244 361 294 Plurima
381 238 611 292 lectarosa
631 255 724 301 est;
749 254 793 292 et
814 254 920 291 sunt
942 243 1037 291 sine
1058 244 1236 292 nomine
1256 244 1414 292 flores:

224 324 326 389 Ipsa
350 339 504 370 crocos
525 331 676 369 tenues
698 319 878 387 liliaque
897 319 999 369 alba
1021 320 1143 384 legit.

157 400 375 466 Carpendi
397 398 544 449 studio
568 398 777 466 paulatim
800 398 981 462 longius
1002 399 1119 457 itur;

222 481 281 527 Et
300 479 520 527 dominam
544 497 645 526 casu
663 476 786 526 nulla
808 489 956 527 secuta
977 496 1138 526 comes.

159 558 283 605 Hanc
304 555 447 612 videt,
474 567 519 603 et
538 555 675 603 visam
696 567 883 622 patruus
901 554 1110 604 velociter
1129 554 1299 615 aufert;

1512 570 1579 617 445

220 634 462 697 Regnaque
485 630 681 680 caeruleis
701 631 750 678 in
771 649 851 680 sua
873 642 1024 697 portat
1045 630 1184 696 equis.

156 710 235 759 Illa
261 710 438 777 quidem
462 709 680 758 clamabat
705 730 715 758 ε
741 712 819 767 Io,
845 709 1068 758 carissima
1088 721 1251 767 mater,

219 785 436 834 Auferor!
461 786 558 852 ipsa
579 805 685 835 suos
707 785 1041 851 abscideratque
1064 785 1202 833 sinus.

156 865 370 913 Panditur
391 865 556 913 interea
577 864 674 912 Diti
695 864 787 922 via3
812 883 1000 930 namque
1026 863 1235 911 diurnum

219 943 390 989 Lumen
412 941 633 989 inadsueti
653 939 725 988 vix
747 940 981 1006 patiuntur
1001 939 1117 1005 equi.

1512 952 1579 997 450

156 1020 218 1066 At
238 1017 401 1066 chorus
422 1016 602 1083 aequalis
624 1015 858 1064 cumulatis
877 1015 986 1064 flore
1009 1014 1213 1063 canistris
1228 1051 1241 1071 ,

220 1093 527 1160 Persephone,
550 1092 759 1150 clamant,
782 1091 840 1139 ad
864 1103 937 1139 tua
962 1090 1076 1139 dona
1102 1091 1214 1139 veni.

158 1174 223 1220 Ut
245 1172 428 1220 clamata
451 1171 576 1230 silet,
600 1183 775 1220 mont-cs
797 1169 1045 1219 ululatibus
1065 1169 1279 1236 implent;

229 1251 315 1299 Ets
326 1252 471 1300 eriunt
493 1262 648 1300 moesta
669 1261 850 1317 pectora
870 1249 990 1297 nuda
1011 1267 1158 1296 manu.

159 1365 351 1400 admodum
361 1365 484 1410 virgil.
497 1364 590 1399 dicto
604 1364 699 1407 loco,
718 1366 834 1398 casias

156 1429 336 1462 romaque,
363 1420 501 1462 nempe*
514 1417 691 1451 marinum
702 1442 713 1458 ,
738 1428 833 1450 con-

153 1468 284 1512 junxit,
297 1480 509 1514 quamquam
521 1467 682 1514 Heynius
699 1467 744 1501 ibi
764 1466 835 1501 du-

155 1520 259 1563 bitat,
273 1533 318 1554 an
333 1533 389 1555 ms
402 1519 605 1565 simpliciter
621 1520 669 1554 ita
689 1518 833 1554 dicatur.

154 1591 199 1598 —-
209 1573 386 1607 Heliloton
395 1600 404 1613 ‚
426 1573 530 1607 etiam
546 1575 673 1606 sertula
689 1585 834 1615 campa-

155 1637 217 1663 na.
246 1625 282 1658 in
310 1623 504 1670 Campania
526 1623 714 1668 frequens,
735 1623 833 1658 sertis

156 1676 382 1712 conficiendis
407 1676 655 1719 adhibebatur,
672 1683 709 1711 et
725 1676 833 1711 odore

157 1737 193 1764 et
213 1730 300 1765 flore
324 1730 442 1766 similis
461 1743 564 1765 croco
578 1756 589 1774 ‚
615 1737 759 1778 κροκίζουν
782 1735 836 1765 καὶ

160 1783 291 1822 ἕυῶὴς;
309 1781 464 1816 Dioscor.
481 1782 536 1817 111
553 1807 563 1826 ,
582 1783 624 1826 48
640 1798 652 1826 ;
677 1782 828 1826 Plinius,

160 1832 246 1866 xxi
256 1858 267 1874 ,
292 1846 343 1880 ²9·
525 1863 531 1866 .

211 1886 285 1927 442.
307 1886 421 1929 Ipsam
445 1886 624 1932 Pamphus
642 1887 835 1922 tradiderat

160 1949 232 1970 non
250 1937 346 1972 violis
358 1964 369 1981 ,
393 1937 455 1972 sed
477 1939 635 1974 narcissis
652 1939 832 1984 deceptam

160 2001 231 2022 ess-e
243 2003 252 2030 ;
266 1989 413 2024 Pausan.
423 1990 536 2025 Boeot.
552 2003 628 2036 pag.
641 1991 714 2035 773.
726 1991 784 2026 Sic
798 1998 835 2026 et

159 2048 280 2075 auctor
293 2041 414 2089 hymn.
428 2042 574 2077 Homer.
588 2043 626 2076 in
639 2041 760 2077 Cerer.
775 2042 835 2087 qui

159 2106 235 2128 vers
262 2094 392 2137 8—14,
411 2094 551 2128 narcissi
570 2092 659 2128 illius
675 2093 836 2139 pulchri-

158 2144 318 2180 tudinem
330 2171 341 2188 ,
358 2145 624 2191 amplitudinem
640 2152 675 2180 et
690 2145 836 2180 odorem

160 2198 329 2233 describit.
340 2199 416 2233 Hos
426 2198 532 2234 duces
542 2199 696 2234 deseruit
708 2199 837 2234 Noster

161 2248 215 2284 hic
228 2257 265 2285 et
277 2251 311 2283 V
323 2251 470 2285 Metam.
489 2251 565 2298 39²·

202 2303 278 2345 445.
291 2300 418 2338 Cicero
433 2302 527 2337 dicto
540 2302 615 2337 loco
629 2315 637 2336 :
651 2317 669 2332 κ
683 2302 837 2348 Propter

160 2371 177 2383 ιι
197 2359 247 2388 est
260 2353 422 2399 spelunca
436 2353 598 2400 quadam
612 2366 779 2389 conversa
790 2353 834 2388 ad

160 2421 179 2437 ι»
194 2405 405 2450 aquilonem,
414 2405 552 2441 infinita
561 2405 757 2448 altitudine,
766 2418 835 2451 qua

162 2471 177 2485 υ
194 2455 315 2490 Ditem
326 2463 461 2501 patrem
469 2456 589 2492 serunt
598 2463 744 2502 repente
752 2470 835 2491 cnm

159 2522 176 2536 ι»
192 2520 298 2541 curru
322 2508 486 2544 exstitisse
498 2535 508 2552 ,
525 2509 776 2554 abreptamque
794 2521 836 2542 ex

157 2577 173 2590 »
192 2573 234 2595 eo
251 2561 328 2596 loco
342 2561 514 2606 virginem
525 2574 645 2597 secum
658 2569 836 2607 asportas-

162 2628 176 2640 -›
193 2625 228 2647 se
238 2637 251 2658 ‚
265 2619 301 2648 et
314 2612 428 2647 subito
441 2625 514 2647 non
527 2614 630 2660 longe
647 2626 668 2647 a
682 2613 836 2660 Syracu-

162 2682 175 2693 »ι
194 2665 237 2699 sis
252 2671 450 2709 penetrasse
470 2665 533 2700 sub
549 2671 679 2708 terras,
695 2664 835 2700 laeum-

901 1377 919 1393 »
937 1362 1052 1407 quein
1069 1374 1112 1397 eo
1123 1361 1200 1396 loco
1210 1367 1356 1407 repente
1368 1361 1542 1396 exstitisse.
1561 1375 1579 1391 ²·

900 1413 1037 1449 Confer
1051 1415 1087 1447 V
1106 1413 1256 1448 Metam.
1272 1413 1494 1461 395-408.—-
1505 1414 1581 1447 Ce-

898 1469 999 1508 ηιΙεί,
1011 1466 1121 1511 nigri,
1135 1482 1328 1516 tumorptztg
1340 1463 1499 1510 Orpheo.
1508 1465 1580 1500 No·

898 1517 995 1552 mina
1004 1530 1128 1552 eorum
1137 1516 1242 1552 habet
1252 1515 1466 1551 Claudianus
1474 1517 1582 1562 Rapt.

899 1570 999 1605 Pros.
1014 1571 1031 1605 I
1041 1595 1051 1612 ,
1067 1571 1142 1605 282.
1152 1588 1198 1595 —
1208 1571 1331 1603 Patrai
1340 1581 1402 1603 cor
1413 1594 1423 1612 ,
1435 1569 1581 1603 Venere

898 1622 1100 1668 impellente
1112 1647 1122 1665 ,
1137 1620 1277 1666 Cupido
1294 1620 1416 1666 sagitta
1432 1620 1583 1669 acutissi-

899 1687 957 1708 ma
968 1673 1210 1707 vulneraverat
1224 1699 1234 1716 ‚
1246 1684 1356 1717 qumn
1369 1671 1493 1707 Siciliae
1501 1672 1581 1705 sun-

899 1726 1040 1761 damina
1057 1726 1205 1760 ambiret
1218 1732 1253 1759 et
1263 1725 1456 1770 exploraret
1470 1738 1479 1765 ;
1498 1724 1582 1758 Me-

898 1787 982 1814 tam.
1000 1780 1081 1814 dict.
1097 1780 1174 1814 loco
1186 1805 1196 1822 ‚
1213 1779 1278 1814 355
1290 1791 1364 1823 sqq.
1373 1797 1419 1803 —
1428 1778 1472 1812 In
1485 1777 1584 1824 bym-

899 1846 948 1868 no
960 1833 1108 1868 Homer.
1120 1845 1210 1867 vers.
1221 1831 1242 1866 3
1252 1858 1262 1875 ,
1278 1831 1421 1876 Jupiter
1431 1842 1509 1864 eam
1523 1829 1584 1864 dat

898 1886 996 1921 fratri
1006 1901 1016 1928 ;
1028 1886 1074 1920 ibi
1085 1893 1120 1920 et
1131 1885 1241 1919 multa
1252 1884 1296 1919 de
1307 1888 1453 1919 clamore
1464 1890 1584 1929 raptae.

899 1938 1163 1976 —Absciderat,
1184 1936 1378 1972 disciderat.
1389 1935 1516 1979 Multi,
1528 1948 1585 1969 e:-

900 1992 1059 2024 sciderat.
1074 1989 1224 2029 Metam.
1235 1988 1283 2032 V,
1296 1989 1362 2036 398
1373 2014 1384 2032 ‚
1406 1995 1446 2022 ιιι
1456 2000 1585 2021 summa

901 2047 1025 2075 uestem
1047 2044 1199 2076 Iam'amt
1217 2042 1261 2075 ab
1284 2054 1356 2075 ora.
1372 2058 1417 2066 —
1435 2041 1586 2083 Namque

903 2092 1070 2127 Heinsius
1093 2093 1196 2127 unius
1212 2093 1266 2127 sui
1283 2092 1359 2127 cod.
1379 2092 1582 2127 auctoritate

901 2144 938 2177 in
949 2143 1090 2188 janque
1103 2145 1261 2180 mutavit.

958 2196 1033 2239 451.
1047 2197 1220 2240 ‘Equaldn
1244 2195 1428 2241 aequalium
1440 2222 1450 2239 ,
1470 2195 1588 2231 romi-

903 2254 990 2282 tum.
1004 2247 1198 2294 Argustana·
1210 2248 1374 2294 Neapolis
1387 2249 1499 2294 quiex
1515 2248 1582 2282 hoc

902 2301 1047 2335 nomine
1064 2300 1190 2336 docere
1206 2301 1299 2345 vult,
1318 2302 1464 2346 comites
1479 2301 1580 2345 ejus-

902 2354 984 2388 dem
999 2353 1103 2388 fuisse
1114 2354 1404 2389 aetatis—Adana
1418 2355 1509 2388 dona
1518 2353 1585 2388 be-
1638 2373 1642 2375 Α

902 2418 948 2440 ne
963 2418 1000 2440 se
1019 2404 1123 2439 habet
1135 2430 1145 2448 ,
1158 2403 1201 2439 ad
1211 2403 1316 2440 flores
1326 2431 1337 2448 ,
1348 2417 1438 2450 quos
1448 2403 1509 2438 tibi
1521 2403 1588 2438 do-

902 2469 987 2490 nare
1003 2455 1173 2490 volumus.
1188 2455 1337 2490 Heinsio
1351 2468 1436 2489 vero
1456 2457 1509 2489 ad
1524 2461 1585 2488 tna

902 2515 983 2542 vota
997 2514 1183 2542 venustum
1202 2501 1385 2541 videbatur
1397 2533 1407 2550 ,
1439 2505 1531 2552 quod
1546 2506 1584 2540 in

902 2560 1018 2606 primo
1037 2558 1200 2593 Ambros.
1215 2558 1509 2593 exstabat-»Mox
1527 2571 1587 2592 re-

902 2612 1019 2646 vocavi
1029 2617 1185 2645 veterem
1196 2610 1334 2645 lection.
1345 2617 1465 2645 mesta
1472 2624 1585 2644 mann·

902 2663 1093 2698 Taubnero
1106 2662 1259 2708 placebat
1268 2689 1278 2708 ,
1294 2670 1450 2697 mester...
1463 2676 1579 2704 manu,
