1826 3054
477 246 875 291 FASTORUM
916 246 1047 290 LIB.
1090 247 1167 290 11.

1449 264 1531 308 109

114 339 220 388 lnde
244 341 388 389 Deum
410 339 619 398 colimus,
646 339 910 405 devectaque
933 357 1055 387 sacra
1077 338 1274 402 Pelasgis

180 417 357 466 Flamen
380 415 522 464 adhuc
543 416 691 482 prisco
712 434 834 464 more
857 415 998 464 Dialis
1021 416 1125 479 agit.

119 495 211 542 Cur
234 494 368 556 igitur
389 503 586 550 currant3
610 503 654 540 et
676 511 755 540 cur
769 531 781 551 ,
805 492 866 541 sic
888 511 1060 542 currere
1083 512 1182 541 mos
1206 505 1298 551 est,

183 570 312 618 Nuda
333 570 475 618 ferant
494 569 641 637 posita
662 589 850 636 corpora
868 580 986 618 veste
1000 607 1011 627 ‚
1033 570 1201 632 rogas?

118 648 218 713 Ipse
240 648 361 696 Deus
384 646 511 695 velox
539 646 780 694 discurrere
802 647 964 710 gaudet
986 647 1034 694 in
1058 645 1158 694 altis

1474 658 1539 693 285

184 725 417 773 Montibus
432 762 445 783 ‚
470 736 514 772 et
535 724 705 773 subitas
730 724 924 772 concitat
945 723 1019 771 ille
1040 724 1167 772 feras.

119 806 219 870 lpse
246 805 367 851 Deus
388 803 535 851 nudus
558 802 703 851 nudos
720 802 850 868 jubet
871 802 934 850 ire
954 802 1183 850 ministros
1200 822 1213 849 t

181 883 273 929 Nec
298 881 402 930 satis
422 880 477 928 ad
498 899 676 929 cursum
699 878 931 928 commoda
953 878 1086 927 vestis
1110 890 1215 927 erat.

119 960 233 1006 Ante
257 959 285 1005 J
289 976 410 1005 ovem
434 957 631 1020 genitum
652 968 789 1005 terras
811 955 1021 1003 habuisse
1042 954 1244 1003 feruntur

183 1035 376 1084 Arcades
390 1073 402 1094 ,
422 1047 465 1083 et
486 1034 592 1083 luna
614 1053 720 1097 gens
743 1032 869 1100 prior
888 1031 965 1080 illa
989 1031 1087 1079 fuit.

121 1112 223 1160 Vita
240 1112 339 1160 ferae
362 1111 516 1160 similis
529 1149 541 1168 ‚
566 1111 717 1159 nullos
735 1110 897 1173 agitata
916 1127 999 1176 per
1020 1126 1129 1157 usus
1148 1128 1159 1155 ε

124 1250 259 1282 Nomen
282 1251 333 1282 ad
349 1250 420 1283 lec
435 1250 549 1292 pnssrco
569 1262 658 1283 more
678 1250 797 1283 Dialis

122 1309 201 1336 erat.
225 1320 269 1327 —
283 1302 338 1337 De
357 1306 470 1346 prisco
495 1316 584 1337 more
610 1302 697 1336 nihil
724 1314 796 1336 esse

125 1361 298 1388 mutatum
321 1361 466 1388 testatur
481 1361 516 1388 et
534 1354 742 1401 Dionysius,
758 1354 794 1396 l,

125 1406 177 1440 32.
193 1424 236 1430 —
251 1407 390 1440 Hameu
411 1407 529 1439 Dialis
552 1406 625 1440 haec
648 1406 770 1451 agebat
785 1432 794 1450 ,

125 1464 162 1492 ut
191 1457 334 1492 Flamen
361 1457 554 1502 Quirinalis
585 1458 763 1504 Robigalia
784 1485 795 1503 ,

125 1509 178 1543 IV
189 1535 199 1551 ‚
216 1522 292 1556 9¹0·

165 1560 238 1595 283.
251 1560 410 1606 Luperci,
421 1560 744 1606 peractosacrificio,
756 1573 798 1595 ex

123 1611 302 1657 Lupercali
316 1612 459 1658 profecti
472 1639 481 1656 ,
497 1625 560 1657 per
573 1626 700 1659 pagum
721 1626 798 1647 cut·-

118 1665 254 1704 rebant,
272 1663 436 1709 pudenda
462 1665 627 1699 succincti
654 1665 797 1710 pellibus

119 1714 265 1750 victimae
276 1728 397 1750 recens
406 1724 577 1760 mactatae,
591 1717 726 1762 reliqua
733 1731 799 1751 nu-

120 1769 164 1802 di.
179 1767 386 1814 Dionysius,
400 1767 493 1804 dicto
508 1769 583 1803 loco
596 1784 604 1811 ;
622 1769 798 1804 Plutarch.

120 1821 253 1866 Quaest.
265 1821 368 1856 Rom.
387 1822 479 1857 dicto
497 1822 585 1857 loco.
603 1823 797 1868 Utriusque

120 1873 206 1907 ritus
216 1886 344 1916 causas,
356 1887 473 1908 cursus
482 1882 518 1909 et
526 1877 700 1916 nuditattln
706 1876 799 1910 Nos-
814 1887 817 1889 ⁴

123 1931 176 1958 ter
189 1932 329 1959 enarrat
344 1938 452 1970 usque
465 1926 508 1960 ad
524 1940 571 1961 vs.
588 1927 798 1963 ἔθα-Εεν-

121 1991 155 2011 re
165 2005 173 2017 ,
196 1977 323 2012 habere
336 2005 346 2020 ,
359 1986 398 2012 ut
410 1979 487 2013 alibi
496 1987 628 2023 gestam
637 1994 775 2024 corpora
783 2007 792 2021 ,

122 2032 322 2064 membra.—-
329 2032 364 2063 V
358 2033 436 2064 elo:
442 2030 597 2065 solemne
610 2032 715 2066 Panis
723 2032 800 2078 epi-

122 2081 265 2122 thetum
281 2082 424 2125 Horat„
444 2082 461 2116 1
473 2109 483 2125 ,
496 2082 676 2126 Od.xv11,
695 2084 800 2118 1.Se-

121 2134 276 2168 cundum
292 2135 439 2178 Silium,
455 2135 547 2170 XIII
561 2163 570 2178 ,
587 2136 650 2181 327
663 2162 673 2179 ,
690 2136 800 2171 currit

123 2201 140 2216 α
158 2187 326 2232 pendenti
340 2188 459 2221 similis
471 2213 479 2220 .
489 2188 578 2222 ..vix
593 2187 661 2221 ulla
676 2188 801 2222 inscri-

124 2253 141 2267 »
157 2238 243 2273 bens
254 2246 356 2274 terrae
366 2239 508 2284 vestigia
519 2252 660 2274 cornu.»
668 2241 801 2274 —Con-

120 2292 222 2328 citat.
240 2297 280 2324 ut
295 2290 368 2323 Liv.
393 2290 520 2333 XXII,
548 2304 585 2336 17
598 2317 608 2333 ,
630 2305 647 2320 κ
664 2291 799 2334 majore

123 2353 141 2370 ²»
157 2348 255 2375 metu
266 2342 443 2376 concitant
455 2355 491 2376 se
507 2342 544 2376 in
560 2341 689 2388 sugam.
710 2358 727 2372 ν
744 2343 800 2377 ΙΙ-

121 2394 189 2429 lam
215 2396 321 2430 Panis
344 2397 615 2431 concitationem
637 2396 800 2431 describit

123 2444 240 2481 Valet.
257 2447 348 2481 Flac.
370 2448 502 2493 Argon.
522 2448 596 2491 Ill,
619 2448 660 2482 56
680 2461 688 2482 :
708 2462 726 2477 «
744 2460 800 2492 pa·

126 2511 142 2526 »ι
159 2497 278 2532 vidum
288 2500 496 2544 prmepibus
514 2499 627 2534 aufert
640 2512 743 2545 pecus
754 2527 764 2542 ,
781 2514 798 2529 »

124 2556 159 2583 et
174 2549 272 2593 facit,
295 2559 334 2586 ut
351 2567 369 2582 ιι
387 2552 521 2598 profugi
544 2560 702 2587 sternant
725 2553 800 2587 du·-

126 2615 143 2630 ›·
159 2608 251 2635 meta
266 2602 414 2644 iuvenci.
438 2618 454 2634 »a
473 2602 531 2638 Cf.
552 2603 666 2649 Orph.
688 2604 722 2638 h.
739 2605 772 2638 X
787 2631 798 2648 ,

126 2662 179 2686 vu
190 2677 200 2694 ,
220 2652 472 2695 ²3.—Subi!ae‚
486 2656 567 2700 quia
582 2657 696 2690 subito
708 2657 801 2690 exci-

126 2709 255 2737 tantur.
270 2704 316 2738 Et
326 2705 491 2740 excitabat
503 2706 592 2742 seras
602 2722 621 2741 e
631 2707 800 2742 cubilibus

128 2768 242 2792 comes
251 2756 383 2793 Dianae.
394 2759 535 2795 Servius
544 2759 587 2794 ad
598 2759 799 2805 Virgilium,

861 1247 958 1290 G.1,
977 1260 1023 1291 ¹7·
1042 1245 1113 1281 Sed
1123 1245 1281 1280 Gronov.
1291 1244 1455 1288 Obs.1V,
1467 1257 1541 1290 cap.

866 1300 918 1342 14,
930 1297 1085 1332 defendit
1095 1297 1172 1331 lect.
1183 1296 1253 1331 MS
1266 1295 1387 1330 Ursini
1397 1302 1432 1330 et
1443 1295 1542 1340 quin-

862 1365 929 1397 que
938 1351 1099 1394 aliorum,
1109 1362 1186 1396 quae
1198 1357 1233 1384 et
1246 1349 1395 1384 Heinsio
1405 1349 1544 1395 elegans

861 1403 952 1446 visa,
972 1405 1130 1446 Concipit
1144 1405 1204 1436 ille
1214 1402 1347 1446 sugas,
1372 1409 1412 1436 ut
1425 1414 1545 1436 sensus

861 1457 922 1498 sit,
941 1455 1171 1500 imaginatur,
1183 1461 1219 1488 et
1233 1454 1347 1488 subito
1360 1467 1427 1489 nec
1443 1454 1543 1499 quid,

861 1520 927 1543 nec
941 1520 1047 1553 quare
1059 1506 1169 1541 exsilit
1179 1506 1545 1551 discursuque—Mi-

864 1563 999 1600 mflros,
1015 1571 1145 1604 nempe
1155 1559 1425 1593 sacrorum.-lre
1437 1558 1542 1592 etiam

863 1611 907 1646 de
925 1611 1038 1646 celere
1053 1618 1089 1646 et
1103 1610 1225 1656 rapido
1242 1623 1345 1645 cursu
1360 1609 1489 1644 dicitur
1503 1617 1546 1645 ut

871 1665 915 1700 de
940 1665 1058 1700 volatu
1083 1665 1225 1709 sagittae.
1245 1664 1342 1698 Male
1357 1675 1442 1708 ergo
1465 1662 1499 1698 h.
1519 1662 1542 1696 l.

865 1717 1049 1760 nonnulli,
1063 1729 1148 1751 esse.
1163 1735 1207 1742 —
1223 1716 1266 1750 In
1277 1715 1391 1750 verbis
1405 1727 1467 1749 uec
1482 1728 1545 1749 sa—

862 1774 909 1804 tis
924 1777 988 1805 etc.
1005 1769 1119 1814 prima
1134 1767 1300 1802 nuditatis
1315 1780 1426 1802 causa.

909 1821 1068 1869 289-302.
1083 1819 1248 1855 Secunda
1258 1831 1360 1853 causa
1375 1817 1545 1854 nuditatis

864 1886 883 1907 e
901 1872 1052 1907 ruditate
1067 1872 1262 1917 priscorum
1282 1869 1466 1906 Arcadum·
1484 1883 1544 1904 re-

863 1924 1053 1970 petitur.Et
1063 1925 1098 1958 in
1107 1923 1370 1969 pluribussacris
1376 1922 1464 1957 ritus
1473 1922 1545 1967 qui-

863 1975 946 2010 dam
963 1976 1001 2010 in
1023 1976 1233 2010 memoriam
1249 1974 1347 2008 rudis
1366 1973 1545 2008 vetustatis

862 2028 956 2063 culti.
966 2046 1010 2054 -—
1022 2030 1114 2062 Ante
1121 2028 1238 2061 Jomn
1255 2032 1320 2061 etc.
1335 2025 1391 2060 De
1407 2025 1472 2060 hac
1483 2037 1544 2059 an-

863 2080 1022 2125 tiquitate
1042 2078 1240 2122 Arcadum,
1256 2077 1335 2112 vide
1356 2077 1400 2111 ad
1415 2077 1451 2121 1,
1468 2077 1543 2124 469.

865 2131 1069 2166 Aristoteles
1082 2138 1286 2166 narraverat
1297 2156 1307 2173 ,
1321 2130 1485 2164 barbaros
1501 2129 1543 2163 ab

862 2183 964 2217 initio
973 2183 1159 2218 Arcadiam
1169 2183 1333 2226 tenuisse,
1343 2195 1472 2227 eosque
1482 2195 1543 2216 ex-

864 2236 979 2281 pulsos
990 2249 1062 2271 esse
1073 2237 1115 2271 ab
1126 2236 1321 2272 Arcadibus
1332 2244 1427 2279 ante,
1436 2248 1543 2281 quam

863 2290 964 2322 Lana
973 2289 1147 2330 oriretur;
1165 2289 1282 2324 Schol.
1297 2289 1460 2334 Apollon.
1474 2289 1542 2330 IV,

866 2340 939 2383 264.
948 2339 1059 2373 Erant
1066 2340 1242 2386 pelasgica
1249 2341 1363 2385 stirpis
1371 2347 1406 2374 et
1412 2340 1472 2374 diu
1482 2351 1546 2373 an·

866 2398 898 2426 te
910 2391 1163 2426 Deucalionem
1173 2392 1357 2427 Arcadiam
1365 2394 1543 2432 habebant,

864 2445 1262 2488 incolebant—Noster,
1270 2452 1352 2479 ante
1365 2447 1483 2479 Jooem
1491 2457 1545 2488 ge-

863 2502 987 2539 m'tum5
1002 2509 1155 2542 namque
1171 2496 1272 2530 Rhea
1282 2497 1319 2530 in
1338 2495 1522 2530 Parrhasio
1532 2520 1542 2538 ,

863 2556 984 2583 monte
1012 2548 1169 2583 Arcadia:
1182 2574 1192 2591 ,
1218 2547 1348 2582 Jovem
1372 2548 1544 2593 peperisse

866 2601 941 2635 trad
945 2602 1007 2635 eba
1012 2602 1208 2635 turs—Feta
1215 2601 1300 2642 vita,
1305 2599 1546 2648 serina,sqped·

867 2659 934 2696 0⁸03,
946 2654 1056 2698 qualis
1070 2652 1259 2687 multarum
1272 2653 1429 2698 gentium
1447 2651 1545 2684 anti-

865 2708 1111 2752 quissimarum
1128 2705 1230 2740 fuisse
1250 2705 1407 2739 traditur.
1426 2704 1544 2738 Arca-

865 2759 926 2793 des
942 2759 1086 2804 quidem
1100 2757 1182 2793 inde
1197 2757 1393 2802 quercubus
1405 2757 1490 2799 nati,
1507 2754 1545 2788 in
