1826 3054
547 184 954 230 FASTORUM
987 188 1120 232 LIB.
1154 190 1215 233 V.

1509 195 1588 238 321

185 277 271 324 Hic
292 288 432 326 status
454 277 499 325 in
523 276 629 326 caelo
650 277 818 327 multos
838 280 1080 345 permansit
1101 282 1146 330 in
1165 301 1306 332 annos
1319 300 1337 343 ,·

251 355 368 402 Dum
394 354 540 416 senior
559 354 661 403 fatis
684 356 846 404 excidit
867 376 963 405 arce
985 357 1105 407 deus.

186 432 319 479 Terra
342 432 663 497 ferospartus‚
688 432 891 481 immania
915 445 1135 493 monstra,
1162 436 1375 498 Gigantas
1555 454 1597 487 35

251 507 428 564 Edidit,
453 526 638 556 ausuros
662 509 709 555 in
732 509 856 558 Jovis
879 509 941 558 ire
962 509 1158 558 domum.

185 581 312 630 Mille
333 601 488 631 manus
510 582 599 631 illis
623 584 772 642 dedit,
796 596 841 632 et
862 603 945 650 pro
970 585 1173 634 cruribus
1196 604 1387 650 angues3

248 662 397 726 Atque
420 661 506 709 ait:
529 663 583 710 In
605 681 791 724 magnos
809 682 927 710 arma
945 675 1116 712 movete
1139 663 1261 712 deos.

182 742 419 788 Exstruere
441 740 490 788 hi
514 752 689 788 montes
710 740 767 788 ad
790 740 932 789 sidera
954 760 1123 789 summa
1146 742 1387 807 parabant,

246 820 305 866 Et
325 836 533 881 magnum
557 816 678 866 bello
700 816 935 867 sollicitare
957 820 1125 868 Jovem.
1556 837 1600 881 40

180 896 382 945 Fulmina
406 897 458 944 de
480 895 569 944 caeli
588 895 802 961 jaculatus
822 897 1000 963 Jupiter
1019 915 1116 946 arce
1130 936 1144 955 ‚

247 973 393 1021 Vertit
415 973 462 1019 in
483 985 686 1021 auctores
706 973 904 1039 pondera
924 985 1044 1022 vasta
1066 993 1184 1023 suos.

182 1050 267 1098 His
290 1050 405 1098 bene
425 1050 635 1115 Majestas
656 1050 788 1098 armis
809 1050 983 1099 defensa
1006 1051 1186 1100 deorum

250 1128 433 1183 Restat3
457 1138 502 1174 et
526 1146 579 1175 ex
600 1125 679 1174 illo
706 1138 903 1194 tempore
922 1127 1045 1176 firma
1066 1140 1228 1177 manet.
1447 1181 1450 1185 ,

182 1202 369 1251 Adsidet
389 1201 462 1250 illa
488 1202 619 1261 Jovi;
643 1203 769 1251 Jovis
793 1216 860 1252 est
878 1203 1091 1253 fidissima
1108 1217 1283 1263 custos;
1559 1221 1604 1265 45

185 1348 202 1363 ›-
219 1334 265 1368 tia
280 1333 502 1368 medentibus
512 1359 523 1376 ,
538 1333 588 1368 sic
601 1333 668 1368 sori
683 1334 779 1368 tabes
794 1347 860 1379 pe-

183 1402 201 1418 »
218 1386 359 1421 cuniam
373 1386 547 1421 advocatis
556 1386 658 1421 serat.
668 1388 857 1428 ›0—Slatus,

180 1452 300 1474 rerum
313 1439 479 1474 conditio.
494 1458 538 1466 —-
555 1441 649 1474 Dum
664 1444 779 1475 senior
793 1448 858 1476 etc.

179 1491 291 1526 donec
314 1490 487 1526 saturnus
512 1491 551 1525 in
579 1498 709 1526 tartara
735 1492 859 1527 missus

178 1544 437 1588 est—Defuit
445 1571 454 1585 ‚
471 1558 513 1579 ex
524 1544 650 1589 quibus
660 1545 694 1579 id
705 1546 836 1580 sactum
845 1571 856 1589 ,

176 1598 255 1633 vide
270 1598 312 1632 ad
333 1599 400 1642 IV,
422 1611 495 1645 ¹97·

219 1652 273 1685 35.
293 1650 351 1685 De
371 1651 593 1694 Gigantibus,
618 1651 740 1685 Terrae
756 1650 856 1694 filiis,

176 1703 193 1737 1
209 1703 356 1738 Metam.
375 1704 433 1736 151
449 1715 576 1747 sqq.—
586 1702 658 1736 Pro
663 1702 764 1746 seros
777 1703 859 1748 qui-

178 1753 260 1788 dam
266 1754 373 1798 siet-ox
387 1759 446 1788 aut
450 1754 578 1798 seraae‚·
592 1753 755 1798 sedsems
766 1755 856 1789 bene

177 1818 213 1839 se
229 1805 344 1839 babet.
368 1805 485 1839 Etiam
502 1805 638 1840 Seneca
652 1831 663 1848 ,
690 1805 824 1851 OEdipo
843 1832 855 1849 ,

179 1868 223 1902 9⁰
235 1869 243 1890 :
251 1855 328 1899 seri
346 1857 535 1900 Gt'gante55
563 1856 581 1890 l
601 1857 749 1891 Metam.
771 1859 831 1892 185
844 1883 856 1900 ,

179 1908 285 1942 iidem
292 1907 392 1951 serus
407 1909 515 1942 hostete
525 1935 535 1948 ,
554 1915 591 1943 et
603 1907 734 1943 Grecis
746 1912 858 1959 ἄγριοι.

180 1977 223 1985 -
240 1960 393 1993 Aasuros
408 1986 417 1999 ,
450 1958 606 2004 deposita
631 1961 826 1995 reverentia
844 1987 855 2004 ,

179 2020 363 2058 spretaque
380 2012 479 2047 Jovis
496 2012 688 2056 majestate.
698 2031 744 2038 —
753 2015 808 2047 Ite
820 2018 857 2047 in

178 2067 322 2108 aliquem
331 2063 439 2098 etiam
449 2062 493 2097 de
503 2062 617 2098 hostili
629 2063 774 2107 impetu.
782 2063 859 2098 Ma-

180 2123 233 2150 tre
253 2115 454 2160 impellente
465 2140 475 2158 ,
492 2127 642 2160 regnum
659 2114 792 2150 caeleste
809 2115 858 2149 illi

179 2168 388 2203 affectabant
408 2194 418 2210 ,
440 2174 478 2201 et
501 2182 518 2197 κ
541 2174 687 2202 centum
712 2168 857 2212 quisque

179 2233 197 2249 »ι
214 2219 383 2264 parabant
396 2220 547 2264 lnjioere
559 2218 796 2264 anguipedum
806 2232 859 2253 ca-

180 2286 199 2301 »
216 2273 312 2316 ptivo
321 2270 460 2306 brachia
469 2271 554 2306 caelo
563 2286 580 2300 »ι
598 2272 615 2306 l
625 2271 773 2305 Metam.
786 2272 857 2305 183.

179 2342 223 2350 -
234 2323 306 2359 Sed
320 2324 386 2359 hoc
401 2324 478 2359 loco
493 2324 550 2358 illa
564 2323 749 2369 descriptio
760 2326 859 2358 Male

180 2388 298 2410 nauus
317 2383 381 2411 etc.
398 2388 565 2411 numeros
580 2374 776 2410 Ovidianos
794 2388 859 2421 pa-

180 2440 261 2461 rum
272 2427 402 2463 referte
414 2428 563 2464 Heinsio
573 2427 769 2472 videbatur,
779 2429 858 2464 licet

180 2493 258 2514 eam
288 2481 393 2515 etiam
421 2481 603 2516 Scholiast.
624 2481 727 2516 Statii
755 2481 797 2515 ad
822 2482 857 2514 V

181 2530 294 2565 Theb.
309 2531 392 2579 559,
406 2532 454 2567 sic
470 2532 639 2567 exhibeat.
655 2532 779 2567 Manet
791 2545 857 2566 er·-

181 2596 224 2629 go
245 2585 344 2617 Mille
370 2597 489 2619 ananus
511 2593 547 2619 e!
570 2589 663 2619 mille
685 2587 779 2619 dedi!
793 2598 858 2628 pro

180 2637 330 2669 cruribus
344 2636 623 2679 angues.Parum
640 2643 756 2671 tamen
774 2637 858 2671 abe-

179 2694 262 2730 rat,
286 2687 373 2732 quin
397 2687 557 2742 crederet
574 2713 586 2733 ,
608 2695 725 2724 totum
750 2688 866 2742 disti--

310 2754 399 2799 VI.

921 1333 1013 1369 chon
1031 1334 1074 1369 ab
1095 1335 1353 1380 interpolatoris
1376 1349 1486 1371 manu
1504 1350 1605 1380 esse3

921 1393 1035 1430 potest
1042 1399 1127 1421 sane
1140 1387 1235 1422 salvo
1246 1401 1349 1422 sensu
1360 1388 1487 1423 abesse.
1500 1389 1604 1424 Idem

919 1438 1034 1483 Atque
1041 1440 1229 1474 aitmutari
1242 1440 1315 1474 vult
1327 1440 1362 1474 in
1374 1442 1442 1481 Ite,
1453 1444 1515 1475 ait.
1531 1440 1605 1476 sed

920 1489 1006 1524 illud
1022 1498 1122 1536 atque
1132 1491 1238 1526 etiam
1253 1505 1302 1526 vs.
1318 1506 1381 1527 212
1391 1519 1403 1536 ,
1417 1494 1500 1527 etin
1511 1493 1602 1528 Met.

920 1542 1070 1577 aliorum
1093 1543 1206 1578 verbis
1228 1543 1275 1579 sic
1300 1546 1516 1590 praeponitur
1530 1571 1540 1588 ,
1562 1552 1603 1580 ut

920 1594 958 1629 ΙΙ
968 1620 979 1638 ,
996 1595 1070 1639 426.
1082 1614 1128 1622 -··
1144 1598 1299 1631 pondera
1318 1606 1437 1639 vasta,
1462 1606 1603 1634 montes

919 1654 1101 1692 congestos
1119 1673 1130 1691 ,
1157 1660 1244 1692 quos
1270 1649 1413 1694 Jupiter
1437 1650 1542 1685 vertit
1561 1651 1602 1685 in

919 1707 1073 1735 auctores
1085 1713 1166 1735 suos
1182 1727 1191 1740 ‚
1219 1714 1279 1735 eos
1291 1728 1302 1745 ‚
1328 1702 1387 1746 qui
1410 1715 1602 1748 congesse-

919 1759 1023 1794 rant;
1047 1752 1143 1787 unde
1162 1753 1210 1787 illi
1225 1757 1311 1787 mole
1325 1766 1390 1788 sua
1410 1754 1527 1789 obruti
1540 1756 1601 1800 ja-

919 1802 1046 1837 cebant
1062 1804 1080 1838 1
1098 1804 1247 1838 Metam.
1268 1804 1341 1839 156.

962 1854 1016 1897 43.
1026 1854 1086 1890 Sic
1097 1855 1188 1890 salva
1199 1856 1327 1890 mansit
1343 1856 1503 1900 majestas
1519 1857 1600 1892 deo-

918 1919 1001 1940 rum
1011 1932 1021 1951 ,
1035 1919 1103 1942 nec
1113 1908 1296 1953 quisquam
1307 1915 1426 1953 postea
1434 1922 1603 1956 spernere¹

920 1971 999 1992 eam
1018 1971 1119 1993 ausus
1141 1966 1202 1994 est.
1228 1959 1325 2004 Ergo
1345 1960 1436 1994 bene
1459 1959 1601 1996 additur

905 2013 1014 2055 firma
1026 2018 1156 2053 manet,
1176 2019 1237 2047 aut
1248 2038 1259 2056 ,
1277 2019 1318 2047 ut
1333 2020 1486 2059 quatuor
1501 2015 1599 2050 MSS

920 2062 1069 2107 habent,
1085 2069 1180 2107 luta,·
1198 2078 1265 2100 nec
1280 2073 1356 2101 erat
1367 2093 1377 2110 ‚
1396 2079 1461 2101 cur
1476 2068 1599 2103 Taub-

920 2127 1027 2150 uerus
1038 2116 1166 2162 vulgat.
1172 2120 1265 2153 culta
1275 2118 1464 2163 praeferret.
1472 2139 1516 2146 —-
1526 2123 1603 2156 Ad-

920 2170 1013 2203 sidet
1025 2175 1091 2204 etc.
1104 2173 1256 2218 Σύνίσμνος
1268 2171 1350 2206 Jovi
1360 2179 1412 2207 est
1421 2199 1431 2216 ,
1449 2181 1489 2208 ut
1506 2174 1601 2219 apud

921 2220 1128 2268 AEchylum
1149 2221 1274 2268 Coeph.
1297 2226 1384 2269 243,
1405 2228 1523 2275 Κράτος
1548 2233 1602 2263 καὶ

922 2278 998 2313 Δίκη
1015 2298 1026 2316 ‚
1054 2273 1180 2318 quibus
1204 2274 1261 2310 ille
1284 2277 1462 2312 mundum
1485 2278 1600 2323 regit3

920 2323 1013 2369 apud
1046 2323 1249 2362 Callimach-
1278 2326 1402 2374 hymn.
1425 2329 1506 2363 Jov.
1529 2330 1572 2375 67
1586 2355 1598 2373 ,

919 2383 976 2419 Βίη
988 2383 1041 2414 καὶ
1051 2381 1167 2428 Κράτες
1175 2405 1188 2423 ‚
1196 2380 1324 2425 quibus
1334 2381 1524 2426 imperium
1534 2381 1599 2417 de-

921 2429 999 2471 bet;
1016 2437 1052 2464 et
1064 2429 1155 2475 apud
1167 2430 1355 2467 Horatium
1364 2457 1375 2475 ,
1387 2432 1406 2467 1
1415 2458 1426 2474 ,
1437 2431 1576 2478 Od.xn
1587 2459 1599 2477 ,

920 2495 965 2516 πο
975 2507 985 2524 ,
999 2484 1136 2522 Pallas,
1157 2495 1263 2528 quam
1280 2483 1318 2518 in
1333 2483 1518 2518 consilium
1533 2484 1600 2519 ad-

921 2531 1029 2568 hibet.
1045 2551 1088 2559 —
1107 2534 1179 2568 Pro
1202 2541 1317 2570 custos
1338 2536 1430 2578 male
1454 2535 1598 2581 quidam

920 2585 1067 2628 conjux,
1098 2598 1161 2631 pro
1179 2599 1250 2632 quo
1272 2587 1439 2622 Heinsius
1460 2600 1600 2623 consors

921 2638 1052 2672 mallet.
1070 2640 1190 2673 Custos
1209 2641 1327 2676 vocab.
1345 2640 1426 2675 satis
1441 2640 1599 2686 dignum.

922 2688 1040 2724 Etiam
1064 2689 1112 2725 dii
1133 2698 1266 2727 tutores
1283 2699 1319 2726 et
1337 2700 1599 2733 conservatores

1361 2775 1411 2801 21
