1826 3054
471 267 879 313 FASTORUM
919 270 1056 314 LIB.
1100 271 1192 314 VI,

1451 273 1536 328 [μᾶ

187 360 386 420 Silenus,
411 362 607 427 quamvis
630 350 763 410 nemo*
783 374 981 418 vocarat,
1006 361 1143 411 adest.

122 440 212 487 Nec
234 438 334 486 licet
348 476 360 496 ‚
383 450 428 487 et
450 437 636 501 long-um
660 451 727 488 est
750 439 902 507 epulas
922 458 1096 488 narrare
1121 439 1329 490 deorum:

1475 458 1541 492 325

187 519 240 565 In
263 515 403 565 multo
428 531 519 564 nox
542 529 610 565 est
629 517 885 584 pervigilata
905 536 1038 565 mero.

124 594 189 642 Hi.
208 606 363 642 temere
388 594 592 642 errabant
615 594 661 642 in
685 613 832 662 opacae
847 593 1039 644 vallibus
1062 595 1179 644 ldae:

189 673 296 720 Pars
316 672 455 737 jacet,
479 685 522 721 et
542 672 664 721 molli
688 673 880 737 gramine
902 673 1099 722 membra
1122 672 1248 722 levat.

125 750 185 797 Hi
210 748 372 797 ludunt
391 769 400 796 :
424 749 509 798 hos
534 769 717 800 somnus
738 750 875 800 habet
892 771 903 799 ε
921 769 1024 817 pars
1046 751 1224 799 brachia
1244 752 1406 810 nectit,

189 826 249 873 Et
271 826 456 875 w'ridem
482 827 611 876 celeri
636 840 702 877 ter
721 829 832 896 pede
852 828 1002 896 pulsat
1024 828 1223 877 humum.

1479 843 1546 878 330

123 904 258 951 Vesta
279 904 413 969 jacet,
437 904 742 974 placidamque
765 908 883 974 capit
905 926 1057 956 secura
1081 906 1270 974 quietem
1284 944 1295 964 ‚

189 981 314 1029 Sicut
339 995 430 1030 crat
454 983 651 1049 positum
674 985 837 1051 cespite
860 983 970 1034 fulta
993 997 1139 1052 caput.

123 1059 186 1106 At
209 1060 345 1108 ruber
366 1061 596 1109 hortorum
619 1074 771 1112 custos
792 1062 1108 1130 Nymphasque
1128 1062 1315 1129 deasque

190 1136 374 1202 Captat3
402 1150 446 1185 et
470 1151 661 1188 errantes
682 1139 855 1206 fertque
875 1140 1097 1206 refertque
1117 1139 1266 1206 pedes,

125 1213 327 1280 Adspicit
352 1227 395 1262 et
416 1217 624 1273 Vestam3
650 1216 861 1275 dubium,
887 1217 1193 1284 Nymphamne
1217 1218 1407 1285 putarit,

1486 1232 1551 1266 335

192 1293 262 1339 An
286 1292 431 1341 scierit
454 1295 658 1351 Vestam;
683 1294 818 1343 scisse
838 1295 917 1342 sed
941 1296 1035 1360 ipse
1056 1307 1201 1356 negat.

127 1368 257 1434 Spem
280 1370 398 1436 capit
420 1370 666 1419 obscaenam
680 1407 693 1428 ,
711 1370 951 1436 furtimque
975 1370 1178 1418 accedere
1199 1383 1366 1427 tentat3

191 1447 253 1494 Et
274 1446 359 1495 fert
380 1465 642 1513 suspensos,
669 1447 801 1496 corde
823 1448 1009 1496 micante
1024 1485 1037 1505 ,
1062 1447 1237 1511 gradus.

125 1523 256 1571 Forte
278 1542 431 1581 senex,
459 1543 549 1590 quo
574 1535 726 1573 vectus
748 1536 864 1582 erat,
890 1523 1066 1573 Silenus
1086 1525 1266 1574 asellum

188 1598 398 1665 Liquerat
416 1599 471 1646 ad
496 1600 616 1666 ripas
637 1598 735 1649 lene
759 1601 959 1649 sonantis
982 1619 1119 1666 aquae.

1483 1618 1549 1661 340

125 1673 247 1731 Ibat,
274 1686 324 1723 ut
347 1675 560 1741 inciperet
581 1674 706 1738 longi
728 1675 836 1724 deus
854 1675 1134 1742 Hellesponti
1147 1714 1160 1733 ‚

189 1751 502 1817 Intempestive
528 1770 666 1818 quum
690 1751 810 1799 rudit
829 1750 904 1799 ille
926 1771 1054 1801 sono.

127 1826 298 1873 Territa
318 1846 423 1875 voce
447 1827 567 1889 gravi
588 1827 733 1889 surgit
753 1826 833 1875 dea
851 1846 862 1874 :
883 1826 1090 1878 convolat
1112 1825 1254 1875 omnis

192 1903 343 1952 Turba
364 1925 374 1952 :
393 1923 473 1971 per
493 1905 674 1954 infestas
689 1905 850 1968 effugit
871 1904 946 1954 ille
969 1922 1139 1955 manus.

129 2007 188 2051 qui
203 2019 286 2041 eum
303 2007 443 2043 aliunde
457 2008 499 2042 ad
514 2021 550 2043 se
562 2010 681 2044 venire
693 2010 805 2053 jubet.

129 2077 173 2083 —
191 2060 359 2093 Convocat
372 2059 406 2093 h.
421 2059 443 2094 l.
461 2060 573 2105 aptius
590 2068 651 2095 est.
664 2062 730 2094 Ed.

173 2110 248 2143 325.
262 2112 334 2145 Nec
347 2113 437 2145 licet.
454 2111 562 2146 Recte
579 2111 807 2146 Burmannus

131 2170 229 2197 notat
249 2163 370 2208 respici
386 2164 526 2198 Tantali
545 2164 699 2199 fabulam
714 2192 724 2208 ‚
746 2166 807 2210 qui

129 2217 240 2262 epulis
259 2216 409 2251 deorum
425 2218 587 2252 admotus
600 2246 610 2262 ,
633 2232 743 2264 quum
759 2218 807 2253 ibi

131 2275 204 2302 acta
215 2277 388 2303 narrasset
398 2296 408 2312 ,
424 2283 563 2315 poeuam
574 2271 731 2305 senserit.
741 2272 808 2306 lta-

132 2332 199 2364 que
216 2328 253 2354 et
270 2321 444 2366 improbat
467 2321 605 2356 Heinsii
625 2323 808 2367 conjectu-

134 2383 229 2414 ram,
248 2374 319 2407 Nec
335 2375 424 2407 libet.
440 2391 485 2399 —
503 2373 558 2408 De
578 2375 644 2408 Ida
663 2375 807 2420 ejusque

134 2426 280 2458 vallibus
293 2438 382 2460 vers.
396 2427 433 2460 15
446 2441 454 2466 ;
474 2426 541 2469 IV,
555 2429 811 2461 182.—Nectere

135 2479 273 2511 brachia
281 2504 290 2518 ,
301 2478 457 2524 implexis
467 2480 628 2513 manibus
639 2480 673 2513 in
685 2481 809 2514 orbem

134 2529 278 2569 saltare;
294 2529 462 2565 Horatius
474 2557 483 2573 ,
498 2531 534 2565 11
547 2557 557 2573 ,
575 2529 646 2565 Od.
660 2542 713 2565 xu
724 2558 733 2574 ‚
751 2532 807 2565 18:

136 2595 154 2609 α
168 2580 250 2614 dare
258 2580 395 2615 brachia
405 2582 603 2617 Ludentem
617 2583 735 2617 nitidis
745 2583 810 2616 vir·

137 2647 154 2661 »
167 2632 312 2677 ginibus.
325 2647 342 2663 υ
352 2636 542 2668 —Pnlsare
552 2637 685 2669 humum
695 2635 737 2669 de
749 2635 810 2669 sal·

135 2693 230 2720 tante
250 2686 354 2720 etiam
370 2687 495 2723 Horat.
512 2690 528 2723 1
541 2714 552 2731 ,
571 2688 642 2723 Od.
660 2699 808 2731 xxxvu,

139 2750 152 2771 ι
170 2751 179 2777 ;
202 2737 296 2771 idem
308 2761 318 2778 ‚
342 2738 418 2781 111,
436 2739 508 2775 od.
530 2742 589 2783 18,
602 2742 725 2784 pellere
740 2741 811 2773 lus-

137 2802 238 2831 mum,
261 2804 341 2825 cum
353 2792 514 2828 Lucretio
530 2806 538 2828 :
559 2808 575 2823 α
593 2793 733 2828 Gaudet
746 2794 810 2827 in·—

871 2024 891 2040 ι
907 2011 1016 2044 visam
1042 2008 1211 2055 pepulisse
1236 2006 1347 2046 fossor
1367 2007 1443 2052 Ter
1461 2009 1551 2055 pede

873 2078 891 2093 ι·
907 2070 1057 2103 terram3
1071 2078 1088 2092 »
1101 2063 1227 2108 quibus
1237 2061 1430 2108 tripudium
1442 2090 1452 2106 ,
1464 2070 1505 2097 ut
1516 2070 1553 2098 et

870 2114 906 2149 h.
920 2116 942 2149 Ι.
957 2115 1292 2150 desa-ibitur.—Pro
1303 2118 1408 2149 nectit
1418 2115 1552 2151 Mor-eti

871 2167 980 2203 codex
990 2169 1108 2212 [iactat
1118 2196 1126 2207 ‚
1149 2168 1243 2213 quod
1259 2168 1450 2202 Taubnero
1471 2169 1552 2214 pla·-

872 2227 937 2254 cet.
947 2239 991 2245 —
1003 2220 1089 2254 Mox
1103 2220 1267 2254 nonnulli
1278 2224 1390 2263 posito
1404 2225 1529 2264 cespite
1539 2248 1548 2261 ,

873 2278 912 2306 ut
936 2285 1053 2317 cespes
1083 2272 1127 2306 de
1158 2271 1330 2306 industria
1356 2272 1551 2317 subpositus

872 2324 978 2359 fuerit
994 2325 1108 2371 capiti.

918 2378 992 2413 335.
1001 2379 1151 2412 Dubium
1158 2391 1234 2413 non
1244 2378 1287 2413 ad
1297 2379 1464 2423 Priapum
1476 2391 1552 2423 per-

873 2429 963 2464 tinet
973 2456 983 2471 ,
1000 2430 1060 2464 sed
1075 2430 1148 2465 hec
1158 2438 1241 2465 sunt
1252 2432 1357 2465 verba
1369 2430 1489 2466 Ovidii
1500 2431 1552 2464 in-

873 2483 1047 2528 terposita.
1056 2481 1204 2516 ——Cum
1216 2483 1328 2517 verbis
1333 2482 1405 2523 fert
1417 2495 1552 2527 snspen-
1567 2485 1571 2489 ’

874 2547 932 2568 sos
946 2541 1010 2568 etc.
1027 2533 1151 2568 confer
1165 2535 1180 2568 l
1193 2560 1203 2575 ,
1223 2535 1387 2580 425-429.

918 2588 994 2630 344.
1009 2586 1102 2621 Edit.
1115 2587 1493 2632 Neapolisessugililla,
1512 2594 1553 2622 ut

875 2637 983 2672 Vesta
998 2638 1133 2673 dicatur
1148 2639 1265 2684 Priapi
1281 2651 1406 2673 manus
1418 2637 1551 2684 effugis-

875 2702 910 2723 se
928 2702 936 2723 :
953 2689 1046 2734 quod
1059 2690 1168 2734 placet
1179 2690 1387 2738 Taulvnero,
1404 2690 1463 2724 sed
1478 2702 1551 2724 non

876 2740 963 2775 mihi
980 2741 1107 2775 :immo
1122 2743 1180 2776 ille
1191 2742 1338 2786 Priapus
1352 2740 1473 2786 effugit
1489 2753 1553 2785 per

876 2806 1021 2836 manus,
1040 2806 1123 2839 quas
1139 2793 1187 2828 dii
1202 2794 1426 2829 convolantes
1443 2792 1475 2826 ei
1487 2792 1550 2825 in·-
