1826 3054
551 176 959 221 F-ASTORUM
994 179 1131 222 LIB.
1175 180 1270 223 VI.

1530 179 1618 240 407

202 269 326 317 Tunc
350 286 433 331 ego
453 285 523 315 me
544 268 720 316 memini
743 267 874 317 ludos
895 268 941 316 in
965 269 1158 331 gramine
1183 270 1339 337 Campi

268 347 533 413 Adspicere;
559 357 604 394 et
627 345 786 404 didici,
810 344 977 395 lubrice
998 347 1154 405 Tibri,
1180 359 1294 396 tuos.

204 427 334 474 Festa
359 424 452 472 dies
470 423 584 481 illis,
608 424 684 490 qui
708 423 798 472 lina
819 424 1038 473 madentia
1061 426 1250 484 ducunt,

272 502 451 568 Quique
475 513 629 566 tegunt
653 503 797 568 parvis
818 521 901 551 aera
922 522 1101 552 recurva
1124 503 1247 552 cibis.

1559 519 1624 564 240

209 581 347 629 MENS
368 599 543 647 quoque
567 599 729 629 numen
751 580 913 630 habet:
937 582 1079 630 Menti
1103 581 1287 631 delubra
1308 583 1505 632 videmus

270 658 385 703 Vota
404 668 523 704 metu
545 655 677 715 belli,
702 656 866 723 perfide
891 657 1048 715 Poene,
1074 658 1151 706 tui.

207 733 340 781 Poene
354 771 365 791 ,
389 733 624 782 rebellaras
646 754 656 782 ε
679 746 722 782 et
745 734 834 782 leto
857 732 1048 782 consulis
1071 753 1222 783 omnes

268 812 473 860 Adtoniti
494 814 675 861 Mauras
697 814 959 880 pertimuere
980 832 1149 861 manus.

206 889 338 955 Spem
360 901 502 937 metus
527 887 777 956 expulerat,
803 909 940 955 quum
962 890 1105 938 Menti
1127 901 1229 938 vota
1253 902 1432 939 senatus

1563 904 1626 949 245

270 967 489 1034 Suscipit;
514 978 558 1015 et
580 965 737 1014 melior
756 967 962 1032 protinus
985 965 1060 1015 illa
1082 966 1215 1015 venit.

204 1046 408 1112 Adspicit
429 1046 643 1094 instantes
666 1044 822 1093 mediis
845 1064 920 1094 sex
939 1044 1115 1094 lucibus
1139 1045 1246 1095 Idus

268 1121 349 1170 Illa
370 1123 486 1179 dies,
510 1142 597 1189 qua
620 1134 725 1171 sunt
746 1134 850 1170 vota
872 1122 1017 1171 soluta
1035 1122 1138 1171 deae.

205 1202 359 1250 VESTA
374 1239 386 1259 ‚
412 1201 505 1249 fave
525 1221 536 1249 ε
561 1200 641 1248 tibi
664 1219 782 1249 nunc
805 1212 982 1267 operata
1004 1198 1264 1250 resolvimus
1285 1218 1360 1250 ora
1374 1237 1387 1258 ,

207 1335 415 1380 piscatorum
433 1334 469 1368 in
487 1346 611 1380 campo
629 1333 771 1368 Martio.
787 1335 883 1368 —Iu

204 1391 353 1431 gramine
380 1388 520 1431 Campi‚·
537 1387 661 1421 Horat.
685 1387 761 1420 Art.
782 1387 882 1420 Poet.

211 1439 290 1474 162:
307 1441 445 1475 Gaudet
457 1443 569 1483 apn'ci
573 1442 724 1483 gramine
740 1440 860 1481 Campi
868 1450 882 1481 ‚-

207 1491 261 1526 III
273 1517 283 1534 ,
295 1490 365 1526 Od.
376 1502 432 1525 vu
441 1491 506 1534 ,26
518 1503 525 1525 :
540 1492 688 1525 Gramen
698 1491 859 1524 Martium
870 1503 883 1530 ‚-

206 1544 273 1587 IV‚
288 1556 321 1587 1,
339 1544 383 1591 39
395 1557 404 1579 ε
417 1548 573 1589 gramina
581 1545 884 1588 MartiiCampi.—

204 1597 329 1630 Didici
340 1600 431 1636 tuos,
454 1609 565 1641 quum
583 1609 776 1641 quaererem
793 1621 802 1639 ‚
822 1595 884 1640 qui

205 1655 321 1683 essent
333 1674 342 1690 ‚
362 1648 510 1693 cognovi
526 1655 604 1682 tuos
621 1660 705 1682 esse.
722 1647 884 1682 Aliorum

206 1703 280 1736 dici
302 1714 375 1736 non
406 1701 581 1747 improbat
603 1701 822 1735 Taubnerus.
840 1718 885 1727 --

207 1754 389 1793 lubricus,
412 1760 452 1788 ut
464 1754 531 1796 IV,
549 1753 756 1798 337.—Pr0
768 1754 885 1796 pateis

209 1805 375 1840 Heinsius
390 1806 539 1841 malebat
549 1808 673 1849 parcis.
692 1823 736 1831 —
749 1804 804 1840 De
820 1804 886 1839 hac

201 1855 299 1899 festa
322 1856 379 1890 die
403 1857 525 1892 Festus
544 1870 553 1892 :
571 1870 590 1887 α
610 1856 789 1891 Piscatorii
811 1855 885 1890 ludi

211 1921 230 1936 κ
247 1913 438 1949 vocantur,
461 1908 520 1952 qui
548 1907 736 1952 quotannis
765 1919 884 1941 mense

213 1974 231 1990 π
247 1960 271 1994 J
275 1960 358 1994 unio
374 1967 470 1994 trans
479 1960 636 1994 Tiberim
653 1959 729 1994 fieri
742 1960 855 1995 solent
866 1973 885 1994 a

213 2028 231 2043 ›-
248 2020 396 2059 praetore
421 2012 556 2047 urbano
579 2024 644 2058 pro
663 2013 886 2057 piscatoribus

214 2078 232 2094 »
254 2063 428 2097 Tiberinis
449 2075 457 2096 :
475 2075 627 2108 quorum
646 2069 796 2107 quaestus
811 2074 885 2096 non

214 2130 232 2146 »
250 2116 287 2150 in
301 2115 483 2150 macellum
498 2115 675 2160 pervenit,
692 2115 752 2149 sed
761 2114 834 2148 sere
849 2115 886 2148 in

214 2181 233 2198 »
253 2180 368 2202 arram
388 2167 535 2201 Volcani
556 2181 564 2207 ;
593 2166 685 2212 quod
714 2166 748 2200 id
779 2179 889 2211 genus

214 2234 233 2250 ν
251 2219 492 2265 pisciculorum
501 2219 662 2253 vivorum
668 2218 772 2253 datur
780 2219 811 2253 ei
821 2218 888 2253 deo

216 2286 233 2301 n
251 2284 315 2317 pro
330 2271 455 2306 animis
468 2271 670 2306 humanis.»

258 2325 425 2367 241-248.
438 2324 550 2357 Menti
560 2325 648 2357 edes
660 2328 749 2356 vota.
764 2323 806 2357 In
819 2335 890 2356 nu-

214 2375 385 2418 minibus,
407 2387 485 2420 quae
508 2375 598 2420 leges
620 2376 693 2410 XII
715 2375 805 2409 tabb.
823 2374 891 2409 coli

215 2427 398 2471 jubebant,
414 2434 514 2461 erant
528 2434 565 2461 et
574 2429 645 2461 olla
655 2453 663 2467 ,
677 2433 891 2470 propterque

217 2480 318 2512 datar
341 2481 471 2513 bomini
486 2480 669 2513 adscensus
691 2481 727 2512 in
751 2480 867 2512 calum
879 2505 889 2518 ,

219 2530 333 2570 Mens,
356 2531 489 2571 mnas,
514 2532 647 2571 hietas,
675 2532 796 2571 Fides,·
820 2529 891 2564 Ci-

218 2592 318 2623 cero,
334 2580 436 2627 Legg.
449 2582 486 2617 II
497 2608 508 2625 ,
524 2584 556 2617 8.
571 2582 660 2616 Eam
675 2582 787 2627 legem
800 2581 893 2616 ridet

219 2632 417 2668 Lactantius
426 2659 437 2676 ,
449 2635 534 2669 Inst.
547 2635 561 2669 Ι
573 2661 584 2678 ,
603 2648 654 2669 ao.
663 2653 707 2659 —
717 2634 814 2668 Bello
826 2634 893 2668 Pu-

220 2685 298 2719 nico
306 2686 470 2730 secundo,
481 2694 557 2732 post
566 2699 719 2733 pugnam
728 2685 770 2720 ad
779 2685 892 2721 laeum

948 1333 1196 1369 Trasimenum
1212 1359 1222 1375 ,
1239 1332 1446 1375 decemviri,
1463 1332 1627 1368 consultis

947 1385 1041 1420 libris
1063 1384 1240 1432 Sibyllinis
1251 1411 1261 1427 ‚
1281 1385 1480 1419 retulerunt
1494 1383 1629 1419 Veneri

949 1437 1110 1484 Erycinae
1125 1449 1164 1471 ac
1177 1436 1289 1471 llenti
1298 1436 1389 1471 aedes
1403 1449 1476 1471 esse
1493 1449 1627 1471 voven-

947 1488 1018 1523 das.
1029 1491 1143 1523 Menti
1152 1488 1246 1522 vovit
1254 1489 1296 1523 T.
1305 1488 1475 1524 Otacilius
1485 1495 1626 1534 praetor,

947 1539 1112 1585 idemque
1122 1540 1289 1575 duumvir
1296 1540 1467 1575 dedicavit
1478 1554 1487 1582 ;
1497 1541 1632 1584 Livius,·

949 1593 1059 1628 XXII
1078 1619 1088 1636 ,
1119 1593 1140 1627 8
1157 1618 1168 1636 ,
1193 1600 1229 1628 et
1256 1607 1296 1628 10
1313 1606 1322 1634 ;
1344 1593 1496 1636 XXIII,
1513 1593 1566 1627 31.
1582 1611 1627 1619 —

950 1647 1142 1685 Rebellarc,
1167 1658 1301 1680 novum
1316 1645 1447 1680 bellum
1464 1657 1626 1688 movere,

949 1697 1187 1742 redintegrare
1197 1698 1328 1732 bellum
1339 1710 1348 1732 :
1359 1697 1406 1732 sic
1418 1697 1547 1739 Livius,
1558 1697 1626 1740 IV,

950 1750 1011 1793 23,
1024 1757 1060 1784 et
1076 1750 1156 1784 alibi
1169 1764 1178 1791 3
1191 1750 1244 1785 lx
1255 1749 1403 1784 Metam.
1419 1751 1458 1784 81
1474 1774 1484 1792 ‚
1498 1755 1549 1784 est
1562 1761 1627 1783 no-

950 1815 1028 1836 vam
1056 1802 1184 1836 luctam
1213 1800 1360 1846 ingredi.
1381 1819 1427 1827 —
1451 1802 1627 1836 Consulem

951 1853 1165 1888 Flaminium
1180 1853 1327 1888 Insuber
1342 1865 1449 1897 eques
1461 1852 1497 1886 in
1509 1852 1628 1897 praelio

950 1905 1069 1939 lancea
1090 1904 1279 1945 transfixit;
1297 1904 1434 1946 Livius,
1452 1903 1579 1946 XXII,
1596 1903 1628 1938 ὁ.

949 1959 1118 1992 -Manus
1136 1958 1229 1992 haud
1245 1957 1349 1992 dubie
1363 1958 1413 1992 vis
1429 1970 1438 1991 z
1451 1969 1540 2003 saepe
1553 1971 1629 1991 ma-

950 2023 1015 2044 nus
1033 2017 1069 2045 et
1086 2012 1155 2044 tela
1175 2011 1409 2056 pugnantium
1429 2018 1630 2045 occurrunt.

951 2062 1023 2097 Sed
1039 2063 1207 2098 Krebsius
1221 2063 1344 2097 maluit
1357 2065 1528 2098 Schaaren
1542 2076 1629 2097 ver-

952 2115 1126 2150 teres-In
1142 2115 1294 2149 exercitu
1305 2114 1513 2150 Hannibalis
1523 2114 1629 2149 etiam

951 2166 1202 2206 Maun'erant3
1226 2165 1343 2200 Livius
1355 2192 1366 2209 ‚
1386 2166 1498 2209 XXI,
1520 2179 1571 2199 22.
1586 2183 1629 2191 —

953 2218 1139 2260 Expulerat
1144 2228 1156 2258 ,·
1170 2216 1542 2253 aliiabstulcrat.-Pro
1552 2230 1631 2252 sus-

951 2273 1038 2313 cipit
1052 2270 1186 2315 primus
1210 2270 1461 2305 Ambrosianus
1482 2273 1626 2313 excipit,

953 2320 1049 2366 quod
1067 2321 1189 2356 Burm.
1205 2321 1352 2357 illustrat
1365 2334 1408 2357 ex
1424 2321 1608 2366 Propertio
1618 2346 1629 2363 ,

954 2374 991 2408 II
1006 2399 1015 2415 ,
1038 2384 1085 2407 xx
1099 2398 1109 2416 ,
1139 2387 1189 2408 10.
1206 2383 1251 2400 ⁴—-
1266 2374 1429 2417 Adspicit
1446 2379 1511 2408 etc.
1534 2372 1629 2406 inter

954 2426 1046 2460 illam
1057 2425 1152 2460 diem
1162 2452 1172 2469 ,
1188 2439 1257 2472 qua
1266 2433 1346 2461 vota
1356 2426 1467 2460 soluta
1481 2432 1564 2460 sunt
1573 2451 1582 2468 ‚
1593 2432 1630 2460 et

956 2477 1039 2512 Idus
1062 2478 1269 2522 interjacent
1294 2477 1420 2512 medic
1444 2490 1501 2512 sex
1525 2477 1628 2512 luces.

955 2529 1056 2564 Falso
1081 2528 1244 2574 Neapolis
1265 2530 1407 2574 putabat
1421 2554 1432 2572 ,
1458 2527 1628 2564 Ovidium

956 2582 1022 2616 boc
1042 2581 1188 2616 disticho
1209 2581 1303 2616 diem
1326 2581 1380 2616 Vl
1402 2581 1485 2617 Idus
1506 2581 1629 2627 expri-

956 2646 1053 2668 mere
1070 2633 1226 2669 votuisse.

1000 2685 1169 2732 249-450.
1180 2684 1214 2717 V
1223 2686 1307 2720 Idus
1317 2711 1326 2726 ,
1348 2686 1500 2720 Vestalia
1509 2698 1519 2718 .-
1530 2684 1631 2718 deam
