1826 3054
538 240 924 286 FASTORUM
958 242 1086 285 LIB.
1119 242 1177 285 V.

231 335 432 393 Gemite,
455 333 537 383 sim
562 332 731 399 qualis;
757 332 834 400 qui
855 332 989 381 modo
1013 331 1155 400 qualis
1176 351 1291 381 eram
1311 335 1322 381 !

1492 243 1581 301 359

1518 349 1584 393 460

168 411 260 475 Qui
283 410 417 458 modo
431 447 444 467 ‚
471 409 509 458 si
533 408 730 458 volucres
755 408 1008 457 habuissem
1031 427 1165 471 regna
1185 408 1416 474 jubentes,

233 491 284 536 ln
306 485 474 554 populo
498 487 627 553 potui
650 486 863 534 maximus
888 505 981 535 esse
1003 505 1114 535 meo.

169 567 298 613 Nunc
319 562 464 630 elapsa
485 563 582 627 rogi
604 562 812 620 flammis,
839 574 884 611 et
906 563 1048 611 inanis
1070 563 1242 626 imago;

234 643 337 689 Haec
359 652 428 689 est
451 658 502 688 ex
524 638 602 688 illo
625 640 765 688 forma
786 639 937 689 relicta
961 642 1117 689 Remo.

170 719 294 767 Heu!
318 718 397 766 ubi
422 719 545 766 Mars
564 730 689 785 pater
712 719 812 766 est?
835 718 873 767 si
895 737 974 767 vos
996 719 1129 766 modo
1152 736 1252 766 vera
1275 717 1438 777 locuti,

1521 729 1587 776 465

234 794 468 862 Uberaque
491 795 705 863 expositis
726 795 800 844 ille
823 794 960 844 ferina
984 796 1140 844 dedit?

170 876 315 938 Quem
339 874 444 941 lupa
466 875 678 932 servavit,
701 892 858 922 manus
878 873 998 922 hunc
1024 874 1250 923 temeraria
1270 874 1378 924 civis

233 951 431 1000 Perdidit
449 971 459 999 ε
481 971 508 1000 o
533 963 701 1018 quanto
722 951 875 1003 mitior
894 950 970 1000 illa
992 951 1104 1000 fuit!

169 1029 288 1077 Saeve
311 1029 462 1087 Celer,
489 1028 708 1078 crudelem
731 1029 921 1077 animam
940 1020 1022 1096 per
1040 1027 1220 1077 vulnera
1240 1028 1426 1087 reddas3

234 1109 384 1173 thue
407 1126 513 1170 ego,
536 1107 621 1156 sub
644 1118 783 1156 terras
806 1104 1173 1168 sanguinolentus
1193 1123 1279 1153 eas.

168 1252 235 1272 mm
245 1244 390 1282 partem,
416 1238 503 1273 Stat.
519 1238 603 1273 Silv.
620 1238 676 1273 III
686 1264 696 1281 ,
710 1249 723 1272 1
733 1264 744 1281 ,
765 1252 792 1284 7.
804 1256 848 1263 —

173 1292 293 1332 Qualis
308 1303 398 1324 emm
415 1290 538 1324 Heius.
562 1303 603 1324 ex
620 1290 738 1324 multis
750 1316 760 1332 ,
780 1289 847 1324 iis-

170 1355 237 1387 que
248 1343 448 1377 melioribus
457 1368 466 1385 ,
481 1342 632 1388 praetulit
645 1368 655 1384 ,
673 1341 754 1386 quia
763 1353 847 1386 qna·

167 1395 212 1427 Iis
224 1405 288 1438 pro
299 1400 442 1437 quantus
454 1393 606 1438 ponitur.
617 1393 712 1427 Ante
729 1391 846 1426 Hein-

167 1445 258 1479 sium
273 1447 356 1479 talis·
372 1444 541 1479 edebatur
554 1469 564 1487 ,
582 1456 653 1488 quo
677 1443 846 1478 Taubne-

168 1511 228 1533 rus
236 1498 332 1544 quasi
340 1497 448 1544 digito
459 1497 648 1532 nutritores
657 1496 845 1531 monstrari

169 1550 310 1595 putabat
320 1575 330 1592 ,
341 1549 433 1592 talis,
446 1548 564 1594 quales
577 1549 773 1583 etiamnum
784 1560 845 1582 vos

169 1603 248 1638 estis
261 1617 269 1643 ;
287 1603 466 1637 Puteanus
479 1608 595 1637 tantus
607 1615 707 1636 emm.
719 1621 763 1627 -
778 1601 846 1636 Re-

169 1657 214 1703 gii
228 1658 338 1692 nostri
352 1656 488 1692 codices
498 1656 629 1691 babent
639 1658 738 1697 talis,
751 1655 846 1702 quod

168 1710 258 1744 bene
274 1710 341 1744 suit
355 1709 548 1754 rejectnm3
572 1708 638 1743 hoc
654 1708 730 1743 loco
749 1709 844 1743 enim

170 1774 243 1796 non
269 1761 371 1808 friget
399 1761 506 1796 modo
521 1787 531 1803 ,
558 1759 618 1795 sed
648 1773 753 1795 sensu
780 1773 846 1795 ca-

173 1819 238 1848 ret.
255 1814 320 1847 Ed.

203 1864 262 1907 45¹
270 1891 277 1898 .
285 1865 560 1908 Regnaiubentes
569 1863 714 1906 dictum,
723 1871 762 1898 ut
774 1863 847 1898 Sal-

172 1915 251 1950 lust.
262 1914 427 1960 Jugurtb.
443 1917 502 1958 84,
519 1929 532 1950 1
551 1928 560 1950 τ
576 1930 594 1946 κ
612 1916 803 1962 Postquam
814 1915 847 1950 ei

175 1984 192 1997 »ν
211 1968 425 2013 provinciam
441 1968 589 2012 populus
601 1968 708 2012 jussit.
724 1983 741 1998 n
757 1968 847 2003 Aves

175 2027 291 2054 autem
299 2020 436 2062 jubent,
455 2019 541 2053 dum
558 2019 773 2064 portendunt
785 2047 794 2063 ,
810 2019 847 2054 id

174 2078 245 2113 est,
266 2070 431 2104 divinitus
448 2070 653 2115 significant.
671 2071 787 2116 Atque
801 2071 849 2105 ita

174 2123 292 2158 Livius
306 2149 315 2166 ,
338 2123 378 2165 l,
403 2124 424 2158 8
438 2149 447 2165 ,
475 2123 519 2158 de
545 2123 699 2158 Romulo
720 2136 728 2157 ι
747 2136 847 2166 aves,

173 2189 245 2220 que
265 2180 407 2220 augurio
432 2189 566 2220 regnum
584 2178 847 2220 pertendet-anu

174 2227 304 2262 ibidem
320 2241 355 2261 ιιι
372 2252 381 2269 ,
402 2227 594 2262 Romulus:
609 2229 749 2272 Jupiter,
761 2230 847 2267 tuis,

174 2284 283 2325 inquil
291 2308 299 2320 ,
312 2281 436 2324 jussus
448 2283 568 2315 avibus
583 2282 640 2316 hic
652 2285 763 2325 prima
778 2282 855 2314 urbi

171 2333 389 2370 fundamenta
406 2333 489 2378 jeci.
511 2352 556 2358 —
574 2334 694 2367 Inam's
715 2337 847 2377 imago,

175 2384 297 2418 umbra
314 2381 494 2430 exsanguis
518 2384 594 2419 sine
609 2397 713 2419 carne
732 2391 767 2418 et
786 2397 850 2418 os-

174 2435 275 2470 sibus.
301 2435 352 2470 Ea
370 2436 508 2471 levitate
526 2449 587 2470 sua
608 2436 699 2471 bene
724 2435 852 2470 dicitur

176 2489 268 2520 elabi
274 2486 433 2522 flammis.
446 2488 592 2522 Plurimi
605 2515 614 2530 ,
629 2501 702 2522 sum
712 2491 831 2531 elapsa
840 2514 849 2528 ,

176 2538 300 2572 -Pro
315 2540 419 2573 Remo
431 2539 560 2585 Regius
571 2548 605 2575 et
617 2540 671 2574 alii
687 2547 849 2585 quatuor,

179 2593 251 2624 vim
261 2601 273 2630 ,⁴
285 2589 343 2624 sed
356 2603 487 2626 nomen
497 2592 678 2638 proprium
691 2604 771 2627 curn
783 2593 851 2626 vir-

179 2647 252 2675 tute
267 2641 315 2675 sic
328 2642 479 2686 ponitur.

221 2691 295 2735 465.
324 2693 396 2726 Ubi
412 2699 465 2727 est
479 2705 546 2727 vox
566 2694 662 2739 ejus,
680 2693 740 2739 qui
757 2692 854 2727 indi-

180 2750 306 2788 gnatur
319 2770 329 2786 ,
346 2757 475 2780 cessare
488 2753 548 2780 aut
560 2747 687 2792 negligi
700 2745 827 2791 aliquid
841 2759 851 2786 ;

1521 1119 1589 1164 47⁰

912 1235 1102 1279 Phaedrus,
1126 1236 1162 1278 1,
1180 1234 1247 1270 sab.
1263 1249 1286 1283 9
1306 1248 1314 1270 :
1330 1250 1348 1265 «
1366 1235 1440 1271 Ubi
1463 1236 1590 1281 perni-

913 1303 931 1318 ι·
947 1289 1030 1324 citas
1043 1288 1099 1322 illa
1114 1288 1192 1323 est?
1211 1302 1228 1317 »ι
1243 1306 1288 1313 -
1300 1289 1404 1322 Modo
1416 1298 1431 1329 ,-
1445 1287 1588 1333 quidam

910 1344 1008 1381 mihi,
1028 1340 1123 1386 quod
1138 1353 1211 1374 non
1229 1340 1403 1385 improbat
1419 1340 1589 1375 Taubne-

910 1406 981 1428 rus.
1007 1393 1080 1428 Sed
1102 1399 1137 1427 et
1161 1392 1322 1428 Phaeton
1340 1392 1378 1426 in
1397 1392 1500 1426 simili
1522 1405 1560 1427 re
1580 1406 1587 1427 :

911 1462 930 1478 σι
948 1447 977 1482 si
997 1446 1106 1482 modo
1123 1460 1201 1482 sum
1219 1447 1344 1482 caelesti
1359 1447 1464 1492 stirpe
1484 1460 1590 1481 crea—

913 1514 931 1530 »
950 1506 1015 1534 tus.
1033 1501 1405 1539 u—-Illededitubera,
1423 1499 1513 1534 illius
1525 1500 1590 1534 im·

910 1550 1012 1596 pulsu
1028 1551 1111 1597 lupa
1134 1551 1232 1585 dedit
1250 1551 1367 1586 ubera.
1397 1551 1455 1586 De
1473 1551 1590 1586 Marte

911 1616 1007 1638 nunc
1024 1615 1141 1638 sermo
1161 1610 1235 1643 est;
1261 1602 1305 1637 ad
1321 1616 1404 1637 eum
1419 1604 1509 1638 bene
1522 1617 1589 1638 re·-

909 1654 1023 1688 fertur
1036 1655 1093 1689 illa
1110 1655 1266 1688 nutritio.
1293 1655 1374 1690 Hoc
1389 1668 1462 1689 non
1477 1655 1591 1690 intel-

911 1705 1070 1740 lexerunt
1082 1706 1211 1740 librarii
1222 1732 1231 1748 ‚
1251 1706 1310 1751 qui
1318 1709 1383 1740 illa
1393 1706 1569 1742 dederunt
1581 1721 1590 1750 ;

911 1771 978 1794 nec
991 1765 1087 1802 erat,
1097 1771 1161 1794 cur
1174 1758 1306 1794 Ulitius
1315 1761 1404 1799 ulla,
1424 1759 1591 1796 Heinsius

910 1823 996 1845 vero
1005 1813 1094 1844 silva
1103 1810 1329 1854 conjicerent.
1345 1810 1401 1845 De
1417 1824 1455 1846 re
1469 1811 1592 1847 confer

912 1862 991 1905 111,
1021 1862 1073 1897 53.
1096 1879 1139 1888 —
1162 1861 1298 1905 Mitior,-
1327 1862 1465 1905 Livius,
1484 1863 1521 1906 1,
1540 1865 1562 1908 4
1578 1890 1589 1908 ,

912 1914 1031 1959 lupam
1048 1927 1068 1943 α
1085 1913 1270 1949 submissas
1292 1913 1486 1949 infantibus
1502 1915 1591 1950 adeo

914 1979 932 1995 »
952 1965 1078 2000 mitem
1107 1965 1291 2010 praebuisse
1319 1978 1492 2001 mammas
1509 1993 1520 2010 ,
1552 1974 1592 2002 ut

914 2032 932 2048 »ι
950 2018 1067 2063 lingua
1083 2017 1299 2052 lambentem
1321 2030 1448 2063 pueros
1462 2018 1592 2065 magis-

914 2084 933 2100 »
953 2077 1008 2104 ter
1022 2070 1108 2115 regii
1125 2070 1258 2114 pecoris
1273 2069 1459 2104 invenerit.
1472 2085 1489 2100 »-

958 2122 1033 2168 469.
1055 2121 1111 2155 De
1132 2122 1243 2155 Celere
1257 2120 1336 2155 vide
1360 2121 1403 2155 ad
1429 2121 1495 2164 IV,
1517 2123 1590 2166 837.

913 2192 957 2199 -
972 2175 1039 2208 Per
1053 2175 1193 2208 vulnera
1213 2176 1348 2208 reddere
1362 2177 1510 2208 animam
1523 2202 1531 2215 ,
1553 2181 1593 2210 ut

915 2226 989 2267 IV,
1008 2227 1071 2259 150
1090 2236 1098 2258 ε
1118 2237 1181 2268 per
1201 2227 1342 2259 vulnera
1357 2228 1505 2259 animam
1523 2238 1591 2259 ct-

907 2279 1040 2321 pellere.
1063 2275 1187 2311 Gravis
1210 2283 1330 2310 autem
1358 2276 1431 2311 haec
1452 2277 1592 2322 impre-

914 2329 1015 2364 catio.
1025 2328 1167 2363 Servius
1178 2327 1221 2362 ad
1230 2327 1372 2362 AEnei‘d.
1383 2328 1435 2362 lv
1447 2340 1456 2362 :
1469 2342 1485 2357 κ
1499 2327 1591 2374 Phy-

917 2397 934 2412 ι·
953 2382 1014 2417 sici
1041 2380 1182 2423 dicunt,
1206 2393 1287 2424 eos,
1312 2381 1371 2426 qui
1386 2387 1501 2416 morte
1516 2381 1594 2416 vio-

917 2449 935 2464 »
954 2434 1046 2468 lenta
1062 2431 1293 2468 concidissent
1308 2458 1318 2475 ‚
1335 2445 1409 2467 non
1431 2433 1538 2478 recipi
1554 2433 1591 2468 in

918 2502 934 2516 ι·
954 2486 1126 2531 originem
1151 2498 1272 2528 suam,
1298 2484 1411 2520 donec
1435 2492 1591 2521 errantes

918 2552 934 2566 ›-
954 2537 1149 2582 legitimum
1171 2535 1233 2570 sati
1262 2542 1400 2581 tempus
1428 2536 1592 2583 comple-

918 2604 935 2618 1·
954 2589 1092 2623 vissent.
1116 2602 1135 2618 »
1157 2605 1202 2614 —
1217 2589 1495 2632 &agathobulus
1523 2601 1592 2623 au-

916 2649 989 2676 tem
998 2641 1131 2676 Remus
1141 2641 1291 2676 humum
1300 2642 1427 2686 premit
1440 2642 1506 2685 lv,
1515 2644 1590 2686 844.

918 2693 970 2727 lbi
994 2699 1030 2727 et
1047 2691 1091 2728 de
1102 2696 1231 2737 pietate
1255 2693 1418 2737 Romuli,
1437 2694 1495 2738 qui
1512 2694 1591 2738 pri-

917 2758 1016 2779 mum
1032 2747 1201 2791 lactfj'mas
1209 2745 1371 2787 devorat,
1383 2758 1465 2780 mox
1475 2753 1590 2780 autem
