1826 3054
572 246 981 311 FAs'roRUM
1019 266 1153 310 LIB.
1188 267 1225 309 1.
1556 266 1612 326 ⁵7

194 359 384 408 Venerat
407 369 451 407 et
470 358 619 407 senior
639 358 787 425 pando
815 357 991 407 Silenus
1013 357 1146 407 asello
1161 396 1174 417 ,

259 436 599 502 Quique‘rubro
624 436 805 503 pavidas
828 436 1011 500 inguine
1033 447 1167 486 terret
1189 454 1300 484 aves.

194 513 352 562 Dulcia
375 512 451 579 qui
475 512 657 576 dignum
678 531 835 561 nemus
857 513 904 561 in
928 513 1128 562 convivia
1148 513 1291 572 nacti,

261 591 468 639 Gramine
492 591 662 639 vestitis
683 591 927 640 accubuere
952 591 1076 640 toris.

192 671 308 718 Vina
333 670 466 719 dabat
487 670 621 719 Liber
640 691 650 718 ε
674 669 834 718 tulerat
857 670 944 719 sibi
968 670 1155 736 quisque
1178 687 1388 718 coronam
1412 687 1421 715 ε
1469 665 1487 697 ’-

255 747 511 796 Miscendas
531 766 662 814 parce
684 747 805 795 rivus
824 746 984 809 agebat
1005 766 1153 812 aquas.

191 825 354 874 Naides
375 825 528 874 effusis
554 823 648 873 aliae
672 825 767 873 sine
788 824 976 892 pectinis
1000 843 1086 872 usu
1101 861 1113 882 ‚
1553 836 1619 881 405

256 903 364 951 Pars
386 902 566 951 aderant
589 902 748 970 positis
769 914 861 950 arte
883 919 1106 968 manuque
1131 901 1282 949 comis.

192 978 273 1028 Illa
291 999 425 1047 super
448 1000 573 1030 suras
591 982 786 1029 tunicam
809 979 994 1028 collecta
1015 980 1262 1028 ministrat:

256 1057 407 1106 Altera
432 1058 604 1106 dissuto
627 1070 782 1124 pectus
806 1069 958 1124 aperta
986 1058 1100 1106 sinu.

193 1135 369 1182 Exserit
390 1135 481 1183 haec
503 1136 736 1184 humerum
758 1155 768 1182 :
793 1146 957 1183 vestem
981 1135 1116 1183 trahit
1139 1134 1215 1182 illa
1239 1154 1320 1202 per
1339 1134 1502 1184 herbas
1522 1154 1533 1192 ;

259 1211 514 1277 Impediunt
536 1219 710 1260 teneros
731 1211 906 1261 vincula
925 1211 1048 1260 nulla
1070 1213 1227 1278 pedes:

1554 1226 1620 1271 410

196 1290 312 1338 Hinc
335 1289 428 1338 aliae
451 1290 619 1357 Satyris
642 1289 844 1337 incendia
866 1290 989 1339 mitia
1011 1291 1213 1357 praebent
1232 1311 1242 1349 ;

258 1366 365 1414 Pars
390 1366 497 1425 tibi,
521 1367 598 1434 qui
624 1367 736 1434 pinu
758 1379 957 1434 tempora
978 1387 1087 1416 nexa
1110 1368 1225 1432 geris
1249 1388 1260 1416 :

192 1481 355 1515 comitatu
372 1487 456 1516 erat.
473 1481 661 1516 Nonnullis
676 1482 763 1517 adeo
779 1482 871 1518 Bac—

191 1530 245 1565 chi
261 1531 453 1567 habebatur
464 1532 566 1568 filius.
574 1533 691 1568 Schol.
706 1534 869 1579 Apollon.

191 1583 232 1617 ad
244 1584 279 1627 I,
296 1585 371 1632 932.
388 1584 475 1630 Ejus
490 1593 611 1621 statuae
623 1588 719 1620 rubro
730 1587 845 1621 colore
858 1612 866 1629 ,

190 1649 317 1683 nempe
328 1639 439 1673 minio
450 1639 548 1685 pictae
558 1666 568 1683 ‚
581 1646 617 1674 et
625 1643 868 1684 iugulneenor-

190 1690 256 1724 mis
276 1692 528 1736 magnitudinis
553 1693 731 1728 instructae
758 1701 869 1728 erant.

191 1744 245 1779 Eo
255 1772 265 1789 ‚
286 1759 498 1793 quamquam
513 1755 549 1783 et
556 1748 656 1793 falce
669 1749 809 1793 (Tibul.
827 1749 844 1783 I
858 1775 868 1793 ‚

189 1808 203 1831 1
215 1824 225 1840 ,
255 1799 319 1842 18)
335 1826 345 1843 ,
372 1801 526 1835 terrebat
544 1814 623 1836 aves
641 1816 650 1843 3
678 1801 804 1835 Horat.
826 1801 842 1835 I
858 1827 867 1844 ,

190 1849 261 1884 Sat.
277 1861 346 1885 v111
357 1878 367 1895 ,
392 1854 411 1886 5
425 1878 435 1895 ,
458 1867 475 1882 κ
499 1852 745 1898 Obscoenoque
763 1853 871 1887 ruber

191 1916 209 1931 »
226 1910 405 1946 porrectus
420 1904 462 1938 ab
478 1904 621 1950 inguine
639 1905 746 1951 palus.
762 1919 779 1934 »

235 1955 310 1996 401.
324 1956 489 2000 Dignum,
510 1964 629 2002 aptum
646 1958 795 1992 convivii
808 1957 870 1992 hi—

191 2005 316 2040 laritati
329 2020 338 2045 ;
351 2006 403 2041 1V
414 2006 503 2043 Met.
513 2009 579 2056 692
589 2035 599 2052 ,
612 2024 631 2040 a
643 2010 766 2056 dignos
777 2018 871 2045 tem-

193 2071 209 2087 »
226 2070 310 2102 pore
328 2057 440 2093 fletus.
452 2074 469 2089 ιι
483 2059 530 2095 Et
539 2072 629 2106 saepe
639 2062 793 2097 absolute
811 2076 871 2108 po·

192 2110 299 2144 nitur.
317 2110 402 2144 Vid.
419 2111 536 2146 Bentl.
551 2112 593 2146 ad
611 2113 736 2149 Horat.
754 2115 790 2150 11
805 2141 814 2159 ,
833 2115 870 2150 S.

192 2172 206 2195 1
217 2187 226 2204 ‚
241 2162 294 2196 85.
306 2163 483 2197 Gramine.
494 2189 517 2198 ..
527 2168 610 2198 toris
618 2164 756 2211 dignius
764 2179 870 2211 quam
890 2163 892 2165 ’

191 2214 360 2259 gramine.
376 2215 517 2251 Talibus
537 2218 621 2252 toris
641 2226 752 2263 poetae
767 2223 871 2253 rivum

191 2266 305 2301 solent
320 2266 468 2310 addere,
490 2281 586 2304 nunc
610 2269 652 2303 ad
677 2270 873 2316 augendam

192 2319 428 2354 amoenitatem
445 2319 510 2355 loci
521 2346 531 2363 ‚
552 2326 590 2354 ut
606 2321 774 2357 Horatius
786 2348 796 2364 ,
817 2323 872 2367 11,

193 2369 263 2405 od.
279 2382 344 2414 ιιι,
367 2385 402 2407 11
420 2385 479 2417 sq;
495 2372 607 2418 Epod.
627 2374 684 2417 11,
704 2375 873 2414 23;nune

192 2421 234 2455 ad
249 2423 518 2468 temperandum
530 2438 670 2460 merum
681 2453 690 2469 ‚
708 2434 747 2460 ut
758 2426 792 2460 b.
806 2426 826 2461 l.
837 2433 872 2462 et

194 2475 320 2510 Horat.
332 2477 368 2511 11
382 2503 391 2520 ,
407 2476 478 2512 Od.
494 2488 553 2521 x1,
563 2481 771 2514 ⁴20.—Parce
785 2492 872 2514 con-

192 2527 296 2573 junge
309 2554 319 2571 ‚
337 2541 411 2563 non
427 2542 508 2564 cum
525 2534 651 2574 agebat
669 2559 678 2572 ‚
707 2532 767 2566 sed
790 2545 871 2567 cum

193 2582 391 2614 metuendas.
408 2580 575 2626 Optimus
593 2584 782 2628 putabatur
799 2597 872 2629 po·-

193 2637 247 2664 tus
268 2643 286 2664 e
309 2632 417 2667 tribus
439 2646 537 2678 aquae
560 2635 714 2680 partibus
735 2642 873 2682 tempe-—

193 2688 289 2716 ratus
306 2708 316 2725 ‚
341 2696 379 2718 ac
399 2684 533 2720 duabus
551 2687 633 2721 vini.
647 2687 872 2733 Aristophan-

195 2733 313 2777 Equit.
336 2747 411 2780 pag.
436 2737 511 2771 355.
538 2738 607 2773 Alii
629 2747 789 2784 quartam
813 2748 872 2775 aut

194 2785 352 2831 quintam
377 2787 449 2822 vini
473 2796 608 2833 partem
635 2791 872 2828 commenda-

931 1483 1030 1518 bant.
1042 1483 1133 1518 Vide
1149 1483 1341 1530 Spanliem.
1358 1483 1401 1519 ad
1413 1482 1616 1519 Callimach.

934 1535 1057 1583 hymn.
1080 1536 1118 1571 in
1146 1536 1274 1571 Pallad.
1291 1538 1343 1582 47.
1364 1536 1480 1582 Vulgo
1499 1539 1617 1580 large,-

935 1588 1027 1634 quod
1039 1614 1049 1632 ,
1066 1589 1094 1624 si
1114 1589 1189 1634 quis
1209 1588 1300 1624 tueri
1323 1588 1427 1632 velit,
1450 1587 1615 1623 reseren—

935 1641 1020 1676 dum
1036 1642 1120 1685 erit,
1139 1648 1178 1676 ut
1192 1649 1229 1676 et
1238 1642 1376 1676 Taubn.
1392 1642 1532 1675 monuit
1544 1667 1554 1685 ,
1571 1640 1613 1675 ad

933 1696 1064 1738 agebat.
1086 1694 1156 1729 Sed
1174 1693 1258 1728 illud
1275 1694 1524 1740 significantius
1541 1701 1592 1728 est
1604 1720 1613 1736 ,

934 1753 1102 1792 notatque
1114 1759 1251 1781 morem
1263 1746 1424 1781 Deorum
1434 1772 1443 1790 ,
1456 1746 1515 1791 qui
1528 1746 1616 1780 mul-

935 1803 972 1832 to
980 1810 1080 1832 mero
1092 1798 1299 1844 pervigilant
1309 1805 1442 1841 noctes,
1458 1799 1529 1842 VI,
1538 1798 1614 1832 326.

935 1897 937 1899 v
978 1851 1053 1895 407.
1070 1850 1244 1885 Ministrae
1259 1863 1397 1885 mensas
1412 1850 1522 1895 epulis
1534 1849 1613 1883 ins—
1666 1866 1674 1870 -

934 1907 1093 1937 truentes
1121 1903 1303 1938 succincta:
1331 1916 1404 1937 esse
1429 1902 1587 1937 solebant
1603 1927 1612 1945 ,

936 1953 1029 1990 VIII
1045 1954 1191 1989 Metam.
1207 1954 1449 1990 660.—-Etiam
1464 1954 1498 1988 h.
1514 1954 1535 1988 l.
1552 1967 1615 2000 pro

934 2008 1095 2048 collecta,
1113 2006 1186 2041 duo
1200 2013 1333 2042 veteres
1343 2010 1526 2042 succincta.
1543 2006 1616 2042 Sed

936 2059 1066 2094 Noster
1076 2059 1111 2094 h.
1122 2060 1144 2094 l.
1155 2060 1464 2095 circumlocutione
1476 2060 1527 2094 uti
1538 2072 1616 2094 ma-

934 2111 1195 2147 luit.—Tun1'cae
1207 2113 1410 2156 mulierum,
1420 2125 1498 2158 quae
1507 2113 1615 2160 Nym-

935 2162 1012 2208 phis
1025 2170 1059 2198 et
1072 2163 1151 2198 alibi
1161 2163 1304 2209 dantur,
1316 2172 1355 2198 ut
1372 2165 1407 2200 II
1421 2191 1430 2208 ,
1445 2178 1503 2210 ¹7¹
1514 2190 1523 2207 ‚
1536 2164 1617 2198 lon—

936 2215 1049 2260 giores
1060 2222 1174 2259 erant,
1184 2215 1225 2250 ad
1236 2217 1319 2251 talos
1329 2229 1438 2262 usque
1449 2216 1617 2251 demissae.

937 2269 1126 2303 —Dissuto
1138 2272 1226 2303 sinu.
1239 2270 1400 2315 Neapolis
1416 2276 1515 2315 putat
1524 2296 1533 2312 ‚
1548 2268 1619 2304 sas-

939 2320 1029 2354 ciam
1044 2321 1256 2365 pectoralem
1270 2335 1343 2357 esse
1361 2322 1511 2357 solutam
1529 2335 1537 2355 :
1557 2321 1617 2355 sed

939 2372 1006 2407 hoc
1028 2385 1100 2406 non
1123 2374 1290 2418 potuisset
1305 2375 1413 2409 verbo
1430 2377 1545 2408 dissui
1555 2386 1622 2408 ex-

938 2427 1053 2472 primi.
1070 2428 1206 2471 Immo,
1230 2428 1273 2462 de
1289 2429 1402 2463 soluta
1414 2436 1535 2463 sutura
1551 2441 1619 2464 co—

939 2478 1182 2524 gitandum.—
1196 2481 1387 2514 Humerum.
1402 2481 1571 2517 Mazarin.
1582 2488 1619 2516 et

937 2537 1072 2575 septem
1085 2531 1140 2565 alii
1156 2533 1316 2572 humeros,
1333 2531 1426 2577 quod
1440 2532 1621 2567 Burman-

938 2595 1004 2617 nus
1019 2581 1258 2629 praefert—In
1274 2584 1385 2619 tribus
1402 2584 1519 2630 Regiis
1536 2597 1621 2620 nos-

939 2637 1001 2671 tris
1012 2639 1188 2673 humerum.
1205 2637 1316 2673 Ed.—
1322 2641 1475 2680 Vincula,
1487 2639 1618 2674 calcea-

936 2697 1065 2724 menta.
1081 2708 1126 2716 —
1140 2692 1345 2734 Impediunt,
1362 2691 1519 2737 cingunt.

982 2743 1056 2784 412.
1081 2742 1158 2777 Pan
1177 2749 1280 2788 caput
1303 2741 1488 2777 frondibus
1506 2746 1618 2787 pineis

938 2793 1077 2840 cingere
1102 2794 1258 2840 solebat,
1288 2795 1305 2830 l
1325 2795 1472 2831 Metam.
1489 2796 1622 2844 699.-
