<?xml version="1.0" encoding="UTF-8"?>
<!DOCTYPE html PUBLIC "-//W3C//DTD XHTML 1.0 Transitional//EN"
    "http://www.w3.org/TR/xhtml1/DTD/xhtml1-transitional.dtd">
<html xmlns="http://www.w3.org/1999/xhtml" xml:lang="en" lang="en">
 <head>
  <title>
</title>
<meta http-equiv="Content-Type" content="text/html;charset=utf-8" />
  <meta name='ocr-system' content='tesseract 3.04.00' />
  <meta name='ocr-capabilities' content='ocr_page ocr_carea ocr_par ocr_line ocrx_word'/>
</head>
<body>
  <div class='ocr_page' id='page_1' title='image "./quaeextantomniao06oviduoft_0189.png"; bbox 0 0 1826 3054; ppageno 0'>
   <div class='ocr_carea' id='block_1_1' title="bbox 527 224 1533 272">
    <p class='ocr_par' dir='ltr' id='par_1_1' title="bbox 527 224 1533 272">
     <span class='ocr_line' id='line_1_1' title="bbox 527 224 1533 272; baseline -0.007 0"><span class='ocrx_word' id='word_1_1' title='bbox 527 225 927 272; x_wconf 84' lang='lat' dir='ltr'>FASTORUM</span> <span class='ocrx_word' id='word_1_2' title='bbox 965 224 1101 267; x_wconf 88' lang='lat' dir='ltr'><strong>LIB.</strong></span> <span class='ocrx_word' id='word_1_3' title='bbox 1143 224 1247 266; x_wconf 82' lang='lat'>111.</span> <span class='ocrx_word' id='word_1_4' title='bbox 1518 239 1533 266; x_wconf 88' lang='lat'>1</span> 
     </span>
    </p>
   </div>
   <div class='ocr_carea' id='block_1_2' title="bbox 1545 226 1598 285">
    <p class='ocr_par' dir='ltr' id='par_1_2' title="bbox 1545 226 1598 285">
     <span class='ocr_line' id='line_1_2' title="bbox 1545 243 1566 285; textangle 90"><span class='ocrx_word' id='word_1_5' title='bbox 1545 243 1566 285; x_wconf 52' lang='grc' dir='ltr'><strong>κν</strong></span> 
     </span>
     <span class='ocr_line' id='line_1_3' title="bbox 1573 226 1598 267; textangle 90"><span class='ocrx_word' id='word_1_6' title='bbox 1573 226 1598 267; x_wconf 65' lang='lat'><strong>01</strong></span> 
     </span>
    </p>
   </div>
   <div class='ocr_carea' id='block_1_3' title="bbox 177 315 1288 389">
    <p class='ocr_par' dir='ltr' id='par_1_3' title="bbox 177 315 1288 389">
     <span class='ocr_line' id='line_1_4' title="bbox 177 315 1288 389; baseline -0.009 -17"><span class='ocrx_word' id='word_1_7' title='bbox 177 325 307 372; x_wconf 84' lang='lat' dir='ltr'><strong>Festa</strong></span> <span class='ocrx_word' id='word_1_8' title='bbox 326 339 433 389; x_wconf 80' lang='lat' dir='ltr'><strong>para</strong></span> <span class='ocrx_word' id='word_1_9' title='bbox 452 321 604 369; x_wconf 87' lang='lat' dir='ltr'><strong>Conso</strong></span> <span class='ocrx_word' id='word_1_10' title='bbox 622 339 634 367; x_wconf 76' lang='lat' dir='ltr'><em>z</em></span> <span class='ocrx_word' id='word_1_11' title='bbox 655 319 831 368; x_wconf 86' lang='lat' dir='ltr'><strong>Consus</strong></span> <span class='ocrx_word' id='word_1_12' title='bbox 858 316 944 365; x_wconf 84' lang='lat' dir='ltr'><strong>tibi</strong></span> <span class='ocrx_word' id='word_1_13' title='bbox 967 327 1121 364; x_wconf 82' lang='lat' dir='ltr'><strong>caetera</strong></span> <span class='ocrx_word' id='word_1_14' title='bbox 1143 315 1288 373; x_wconf 86' lang='lat' dir='ltr'><strong>dicet,</strong></span> 
     </span>
    </p>
   </div>
   <div class='ocr_carea' id='block_1_4' title="bbox 245 395 1129 462">
    <p class='ocr_par' dir='ltr' id='par_1_4' title="bbox 245 395 1129 462">
     <span class='ocr_line' id='line_1_5' title="bbox 245 395 1129 462; baseline -0.008 -16"><span class='ocrx_word' id='word_1_15' title='bbox 245 398 331 447; x_wconf 91' lang='lat' dir='ltr'><strong>Illo</strong></span> <span class='ocrx_word' id='word_1_16' title='bbox 356 398 468 445; x_wconf 85' lang='lat' dir='ltr'><strong>facta</strong></span> <span class='ocrx_word' id='word_1_17' title='bbox 490 395 560 444; x_wconf 88' lang='lat' dir='ltr'><strong>die</strong></span> <span class='ocrx_word' id='word_1_18' title='bbox 583 413 719 462; x_wconf 84' lang='lat' dir='ltr'><strong>quum</strong></span> <span class='ocrx_word' id='word_1_19' title='bbox 745 413 826 443; x_wconf 78' lang='lat' dir='ltr'><strong>sua</strong></span> <span class='ocrx_word' id='word_1_20' title='bbox 849 411 971 441; x_wconf 87' lang='lat' dir='ltr'><strong>sacra</strong></span> <span class='ocrx_word' id='word_1_21' title='bbox 990 402 1129 440; x_wconf 86' lang='lat' dir='ltr'><strong>canet.</strong></span> 
     </span>
    </p>
   </div>
   <div class='ocr_carea' id='block_1_5' title="bbox 1538 416 1604 440">
    <p class='ocr_par' dir='ltr' id='par_1_5' title="bbox 1538 416 1604 440">
     <span class='ocr_line' id='line_1_6' title="bbox 1538 416 1604 440; baseline 0.015 -1"><span class='ocrx_word' id='word_1_22' title='bbox 1538 416 1604 440; x_wconf 81' lang='lat'><strong>200</strong></span> 
     </span>
    </p>
   </div>
   <div class='ocr_carea' id='block_1_6' title="bbox 179 465 1507 767">
    <p class='ocr_par' dir='ltr' id='par_1_6' title="bbox 179 465 1327 617">
     <span class='ocr_line' id='line_1_7' title="bbox 179 465 1327 536; baseline -0.007 -14"><span class='ocrx_word' id='word_1_23' title='bbox 179 478 434 523; x_wconf 82' lang='lat' dir='ltr'><strong>Intumuere</strong></span> <span class='ocrx_word' id='word_1_24' title='bbox 457 472 597 520; x_wconf 84' lang='lat' dir='ltr'><strong>Cures</strong></span> <span class='ocrx_word' id='word_1_25' title='bbox 611 507 624 528; x_wconf 89' lang='lat'>‚</span> <span class='ocrx_word' id='word_1_26' title='bbox 647 482 692 525; x_wconf 81' lang='lat' dir='ltr'><strong>et</strong></span> <span class='ocrx_word' id='word_1_27' title='bbox 715 488 833 536; x_wconf 89' lang='lat' dir='ltr'><strong>quos</strong></span> <span class='ocrx_word' id='word_1_28' title='bbox 857 467 988 516; x_wconf 88' lang='lat' dir='ltr'><strong>dolor</strong></span> <span class='ocrx_word' id='word_1_29' title='bbox 1009 467 1158 530; x_wconf 84' lang='lat' dir='ltr'><strong>attigit</strong></span> <span class='ocrx_word' id='word_1_30' title='bbox 1176 465 1295 515; x_wconf 88' lang='lat' dir='ltr'><strong>idem</strong></span> <span class='ocrx_word' id='word_1_31' title='bbox 1315 485 1327 514; x_wconf 79' lang='lat' dir='ltr'><strong><em>z</em></strong></span> 
     </span>
     <span class='ocr_line' id='line_1_8' title="bbox 245 546 1256 617; baseline -0.008 -17"><span class='ocrx_word' id='word_1_32' title='bbox 245 554 361 600; x_wconf 90' lang='lat' dir='ltr'><strong>Tum</strong></span> <span class='ocrx_word' id='word_1_33' title='bbox 382 549 576 617; x_wconf 87' lang='lat' dir='ltr'><strong>primum</strong></span> <span class='ocrx_word' id='word_1_34' title='bbox 600 548 774 612; x_wconf 84' lang='lat' dir='ltr'><strong>generis</strong></span> <span class='ocrx_word' id='word_1_35' title='bbox 797 546 954 595; x_wconf 80' lang='lat' dir='ltr'><strong>intulit</strong></span> <span class='ocrx_word' id='word_1_36' title='bbox 975 564 1095 594; x_wconf 82' lang='lat' dir='ltr'><strong>arma</strong></span> <span class='ocrx_word' id='word_1_37' title='bbox 1114 563 1256 594; x_wconf 87' lang='lat' dir='ltr'><strong>socer.</strong></span> 
     </span>
    </p>

    <p class='ocr_par' dir='ltr' id='par_1_7' title="bbox 182 619 1507 767">
     <span class='ocr_line' id='line_1_9' title="bbox 182 619 1507 693; baseline -0.007 -17"><span class='ocrx_word' id='word_1_38' title='bbox 182 630 367 693; x_wconf 86' lang='lat' dir='ltr'>Jamque</span> <span class='ocrx_word' id='word_1_39' title='bbox 388 625 476 674; x_wconf 84' lang='lat' dir='ltr'><strong>sere</strong></span> <span class='ocrx_word' id='word_1_40' title='bbox 499 636 635 692; x_wconf 85' lang='lat' dir='ltr'><strong>raptae</strong></span> <span class='ocrx_word' id='word_1_41' title='bbox 654 636 845 672; x_wconf 83' lang='lat' dir='ltr'><strong>matrum</strong></span> <span class='ocrx_word' id='word_1_42' title='bbox 868 641 1049 689; x_wconf 87' lang='lat' dir='ltr'><strong>qnoque</strong></span> <span class='ocrx_word' id='word_1_43' title='bbox 1071 639 1238 669; x_wconf 89' lang='lat' dir='ltr'><strong>nomen</strong></span> <span class='ocrx_word' id='word_1_44' title='bbox 1258 619 1507 679; x_wconf 86' lang='lat' dir='ltr'><strong>habebant·,</strong></span> 
     </span>
     <span class='ocr_line' id='line_1_10' title="bbox 246 697 1369 767; baseline -0.005 -17"><span class='ocrx_word' id='word_1_45' title='bbox 246 704 492 767; x_wconf 83' lang='lat' dir='ltr'><strong>Tractaque</strong></span> <span class='ocrx_word' id='word_1_46' title='bbox 515 712 639 749; x_wconf 84' lang='lat' dir='ltr'><strong>erant</strong></span> <span class='ocrx_word' id='word_1_47' title='bbox 658 700 796 762; x_wconf 85' lang='lat' dir='ltr'><strong>longa</strong></span> <span class='ocrx_word' id='word_1_48' title='bbox 816 698 934 747; x_wconf 90' lang='lat' dir='ltr'><strong>bella</strong></span> <span class='ocrx_word' id='word_1_49' title='bbox 959 697 1212 764; x_wconf 88' lang='lat' dir='ltr'><strong>propinqua</strong></span> <span class='ocrx_word' id='word_1_50' title='bbox 1231 715 1369 745; x_wconf 88' lang='lat' dir='ltr'><strong>mora.</strong></span> 
     </span>
    </p>
   </div>
   <div class='ocr_carea' id='block_1_7' title="bbox 186 775 1295 846">
    <p class='ocr_par' dir='ltr' id='par_1_8' title="bbox 186 775 1295 846">
     <span class='ocr_line' id='line_1_11' title="bbox 186 775 1295 846; baseline -0.005 -18"><span class='ocrx_word' id='word_1_51' title='bbox 186 780 469 829; x_wconf 75' lang='lat' dir='ltr'><strong>Conveniunt</strong></span> <span class='ocrx_word' id='word_1_52' title='bbox 490 791 640 846; x_wconf 83' lang='lat' dir='ltr'><strong>nuptae</strong></span> <span class='ocrx_word' id='word_1_53' title='bbox 664 777 827 826; x_wconf 86' lang='lat' dir='ltr'><strong>dictam</strong></span> <span class='ocrx_word' id='word_1_54' title='bbox 846 776 1109 825; x_wconf 79' lang='lat' dir='ltr'><strong>Junonis&#39;in</strong></span> <span class='ocrx_word' id='word_1_55' title='bbox 1129 775 1295 846; x_wconf 51' lang='lat' dir='ltr'><strong>aedemj</strong></span> 
     </span>
    </p>
   </div>
   <div class='ocr_carea' id='block_1_8' title="bbox 1543 788 1608 822">
    <p class='ocr_par' dir='ltr' id='par_1_9' title="bbox 1543 788 1608 822">
     <span class='ocr_line' id='line_1_12' title="bbox 1543 788 1608 822; baseline -0.015 0"><span class='ocrx_word' id='word_1_56' title='bbox 1543 788 1608 822; x_wconf 83' lang='lat'><strong>205</strong></span> 
     </span>
    </p>
   </div>
   <div class='ocr_carea' id='block_1_9' title="bbox 187 850 1448 1154">
    <p class='ocr_par' dir='ltr' id='par_1_10' title="bbox 250 850 1272 919">
     <span class='ocr_line' id='line_1_13' title="bbox 250 850 1272 919; baseline -0.007 -15"><span class='ocrx_word' id='word_1_57' title='bbox 250 856 375 919; x_wconf 86' lang='lat' dir='ltr'><strong>Quas</strong></span> <span class='ocrx_word' id='word_1_58' title='bbox 398 855 515 904; x_wconf 87' lang='lat' dir='ltr'><strong>inter</strong></span> <span class='ocrx_word' id='word_1_59' title='bbox 536 874 633 903; x_wconf 86' lang='lat' dir='ltr'><strong>mea</strong></span> <span class='ocrx_word' id='word_1_60' title='bbox 655 854 718 904; x_wconf 86' lang='lat' dir='ltr'><strong>sic</strong></span> <span class='ocrx_word' id='word_1_61' title='bbox 742 865 811 903; x_wconf 90' lang='lat' dir='ltr'><strong>est</strong></span> <span class='ocrx_word' id='word_1_62' title='bbox 831 872 974 901; x_wconf 89' lang='lat' dir='ltr'><strong>nurus</strong></span> <span class='ocrx_word' id='word_1_63' title='bbox 997 870 1096 900; x_wconf 85' lang='lat' dir='ltr'><strong>orsa</strong></span> <span class='ocrx_word' id='word_1_64' title='bbox 1120 850 1272 917; x_wconf 87' lang='lat' dir='ltr'><strong>loqui:</strong></span> 
     </span>
    </p>

    <p class='ocr_par' dir='ltr' id='par_1_11' title="bbox 187 932 1448 1078">
     <span class='ocr_line' id='line_1_14' title="bbox 187 932 1448 1001; baseline -0.004 -18"><span class='ocrx_word' id='word_1_65' title='bbox 187 937 230 983; x_wconf 90' lang='lat' dir='ltr'>O</span> <span class='ocrx_word' id='word_1_66' title='bbox 254 934 420 1001; x_wconf 86' lang='lat' dir='ltr'><strong>pariter</strong></span> <span class='ocrx_word' id='word_1_67' title='bbox 439 946 576 1001; x_wconf 85' lang='lat' dir='ltr'><strong>raptae</strong></span> <span class='ocrx_word' id='word_1_68' title='bbox 591 972 603 992; x_wconf 90' lang='lat'>,</span> <span class='ocrx_word' id='word_1_69' title='bbox 628 932 841 1000; x_wconf 87' lang='lat' dir='ltr'><strong>quoniam</strong></span> <span class='ocrx_word' id='word_1_70' title='bbox 860 932 948 980; x_wconf 88' lang='lat' dir='ltr'><strong>hoc</strong></span> <span class='ocrx_word' id='word_1_71' title='bbox 965 950 1200 979; x_wconf 88' lang='lat' dir='ltr'><strong>commune</strong></span> <span class='ocrx_word' id='word_1_72' title='bbox 1226 943 1423 979; x_wconf 86' lang='lat' dir='ltr'><strong>tenemus</strong></span> <span class='ocrx_word' id='word_1_73' title='bbox 1437 968 1448 988; x_wconf 92' lang='lat'>,</span> 
     </span>
     <span class='ocr_line' id='line_1_15' title="bbox 250 1009 1156 1078; baseline -0.006 -18"><span class='ocrx_word' id='word_1_74' title='bbox 250 1015 355 1061; x_wconf 84' lang='lat' dir='ltr'><strong>Non</strong></span> <span class='ocrx_word' id='word_1_75' title='bbox 379 1012 496 1060; x_wconf 86' lang='lat' dir='ltr'><strong>ultra</strong></span> <span class='ocrx_word' id='word_1_76' title='bbox 517 1011 635 1060; x_wconf 88' lang='lat' dir='ltr'><strong>lente</strong></span> <span class='ocrx_word' id='word_1_77' title='bbox 659 1029 901 1078; x_wconf 86' lang='lat' dir='ltr'><strong>possumus</strong></span> <span class='ocrx_word' id='word_1_78' title='bbox 926 1027 1021 1058; x_wconf 88' lang='lat' dir='ltr'><strong>esse</strong></span> <span class='ocrx_word' id='word_1_79' title='bbox 1040 1009 1124 1075; x_wconf 82' lang='lat' dir='ltr'><strong>piae</strong></span> <span class='ocrx_word' id='word_1_80' title='bbox 1145 1029 1156 1056; x_wconf 90' lang='lat'>:</span> 
     </span>
    </p>

    <p class='ocr_par' dir='ltr' id='par_1_12' title="bbox 187 1087 1382 1154">
     <span class='ocr_line' id='line_1_16' title="bbox 187 1087 1382 1154; baseline -0.004 -15"><span class='ocrx_word' id='word_1_81' title='bbox 187 1091 318 1139; x_wconf 79' lang='lat' dir='ltr'><strong>Stant</strong></span> <span class='ocrx_word' id='word_1_82' title='bbox 341 1091 480 1147; x_wconf 86' lang='lat' dir='ltr'><strong>acies;</strong></span> <span class='ocrx_word' id='word_1_83' title='bbox 503 1090 580 1139; x_wconf 88' lang='lat' dir='ltr'><strong>sed</strong></span> <span class='ocrx_word' id='word_1_84' title='bbox 600 1101 700 1138; x_wconf 86' lang='lat' dir='ltr'><strong>utra</strong></span> <span class='ocrx_word' id='word_1_85' title='bbox 722 1090 784 1137; x_wconf 75' lang='lat' dir='ltr'><strong>Di</strong></span> <span class='ocrx_word' id='word_1_86' title='bbox 805 1088 896 1137; x_wconf 86' lang='lat' dir='ltr'><strong>sint</strong></span> <span class='ocrx_word' id='word_1_87' title='bbox 916 1106 1000 1154; x_wconf 88' lang='lat' dir='ltr'><strong>pro</strong></span> <span class='ocrx_word' id='word_1_88' title='bbox 1022 1099 1148 1154; x_wconf 87' lang='lat' dir='ltr'><strong>parte</strong></span> <span class='ocrx_word' id='word_1_89' title='bbox 1169 1087 1382 1150; x_wconf 84' lang='lat' dir='ltr'><strong>rogandi,</strong></span> 
     </span>
    </p>
   </div>
   <div class='ocr_carea' id='block_1_10' title="bbox 254 1164 1384 1230">
    <p class='ocr_par' dir='ltr' id='par_1_13' title="bbox 254 1164 1384 1230">
     <span class='ocr_line' id='line_1_17' title="bbox 254 1164 1384 1230; baseline -0.003 -17"><span class='ocrx_word' id='word_1_90' title='bbox 254 1164 444 1228; x_wconf 81' lang='lat' dir='ltr'><strong>Eligite;</strong></span> <span class='ocrx_word' id='word_1_91' title='bbox 466 1165 571 1213; x_wconf 86' lang='lat' dir='ltr'><strong>hinc</strong></span> <span class='ocrx_word' id='word_1_92' title='bbox 593 1166 754 1230; x_wconf 85' lang='lat' dir='ltr'><strong>conjux</strong></span> <span class='ocrx_word' id='word_1_93' title='bbox 767 1201 780 1222; x_wconf 91' lang='lat'>,</span> <span class='ocrx_word' id='word_1_94' title='bbox 806 1164 912 1212; x_wconf 83' lang='lat' dir='ltr'><strong>hinc</strong></span> <span class='ocrx_word' id='word_1_95' title='bbox 934 1174 1062 1229; x_wconf 87' lang='lat' dir='ltr'><strong>pater</strong></span> <span class='ocrx_word' id='word_1_96' title='bbox 1081 1181 1200 1211; x_wconf 72' lang='lat' dir='ltr'><strong>amm</strong></span> <span class='ocrx_word' id='word_1_97' title='bbox 1221 1174 1384 1211; x_wconf 88' lang='lat' dir='ltr'><strong>tenent.</strong></span> 
     </span>
    </p>
   </div>
   <div class='ocr_carea' id='block_1_11' title="bbox 186 1282 879 2775">
    <p class='ocr_par' dir='ltr' id='par_1_14' title="bbox 186 1282 879 2775">
     <span class='ocr_line' id='line_1_18' title="bbox 186 1282 868 1328; baseline -0.006 -10"><span class='ocrx_word' id='word_1_98' title='bbox 186 1302 234 1309; x_wconf 88' lang='lat'><strong>-—</strong></span> <span class='ocrx_word' id='word_1_99' title='bbox 251 1283 400 1323; x_wconf 77' lang='lat' dir='ltr'><strong>Consus,</strong></span> <span class='ocrx_word' id='word_1_100' title='bbox 415 1295 548 1317; x_wconf 87' lang='lat' dir='ltr'><strong>nomen</strong></span> <span class='ocrx_word' id='word_1_101' title='bbox 564 1282 723 1328; x_wconf 82' lang='lat' dir='ltr'><strong>Neptuni</strong></span> <span class='ocrx_word' id='word_1_102' title='bbox 735 1293 868 1326; x_wconf 84' lang='lat' dir='ltr'><strong>eques-</strong></span> 
     </span>
     <span class='ocr_line' id='line_1_19' title="bbox 191 1332 869 1381; baseline -0.004 -13"><span class='ocrx_word' id='word_1_103' title='bbox 191 1335 251 1369; x_wconf 83' lang='lat' dir='ltr'><strong>tris</strong></span> <span class='ocrx_word' id='word_1_104' title='bbox 260 1349 269 1373; x_wconf 85' lang='lat'>;</span> <span class='ocrx_word' id='word_1_105' title='bbox 282 1334 413 1377; x_wconf 79' lang='lat' dir='ltr'><strong>Livius,</strong></span> <span class='ocrx_word' id='word_1_106' title='bbox 423 1335 454 1376; x_wconf 89' lang='lat'><strong>1,</strong></span> <span class='ocrx_word' id='word_1_107' title='bbox 463 1347 495 1381; x_wconf 78' lang='lat'><strong>9.</strong></span> <span class='ocrx_word' id='word_1_108' title='bbox 505 1333 709 1368; x_wconf 80' lang='lat' dir='ltr'><strong>Secundum</strong></span> <span class='ocrx_word' id='word_1_109' title='bbox 718 1332 869 1378; x_wconf 81' lang='lat' dir='ltr'><strong>Dionys.</strong></span> 
     </span>
     <span class='ocr_line' id='line_1_20' title="bbox 193 1383 868 1429; baseline -0.003 -10"><span class='ocrx_word' id='word_1_110' title='bbox 193 1386 228 1427; x_wconf 88' lang='lat'><strong>1,</strong></span> <span class='ocrx_word' id='word_1_111' title='bbox 243 1385 309 1428; x_wconf 80' lang='lat'><strong>33,</strong></span> <span class='ocrx_word' id='word_1_112' title='bbox 324 1385 397 1429; x_wconf 72' lang='lat' dir='ltr'><strong>jam</strong></span> <span class='ocrx_word' id='word_1_113' title='bbox 416 1384 568 1420; x_wconf 80' lang='lat' dir='ltr'><strong>Arcades</strong></span> <span class='ocrx_word' id='word_1_114' title='bbox 582 1384 619 1418; x_wconf 90' lang='lat' dir='ltr'><strong>in</strong></span> <span class='ocrx_word' id='word_1_115' title='bbox 646 1383 746 1418; x_wconf 85' lang='lat' dir='ltr'><strong>Italia</strong></span> <span class='ocrx_word' id='word_1_116' title='bbox 762 1383 868 1428; x_wconf 88' lang='lat' dir='ltr'><strong>Nep-</strong></span> 
     </span>
     <span class='ocr_line' id='line_1_21' title="bbox 191 1429 866 1481; baseline -0.003 -12"><span class='ocrx_word' id='word_1_117' title='bbox 191 1442 279 1470; x_wconf 85' lang='lat' dir='ltr'><strong>tuno</strong></span> <span class='ocrx_word' id='word_1_118' title='bbox 287 1435 421 1481; x_wconf 81' lang='lat' dir='ltr'><strong>Hippio</strong></span> <span class='ocrx_word' id='word_1_119' title='bbox 428 1429 600 1481; x_wconf 66' lang='lat' dir='ltr'><strong>&#39;templum</strong></span> <span class='ocrx_word' id='word_1_120' title='bbox 605 1440 866 1476; x_wconf 85' lang='lat' dir='ltr'><strong>conseerarunt,</strong></span> 
     </span>
     <span class='ocr_line' id='line_1_22' title="bbox 191 1486 869 1533; baseline 0 -11"><span class='ocrx_word' id='word_1_121' title='bbox 191 1488 354 1533; x_wconf 72' lang='lat' dir='ltr'><strong>diemque</strong></span> <span class='ocrx_word' id='word_1_122' title='bbox 362 1488 395 1522; x_wconf 90' lang='lat' dir='ltr'><strong>ei</strong></span> <span class='ocrx_word' id='word_1_123' title='bbox 403 1487 768 1533; x_wconf 83' lang='lat' dir='ltr'><strong>sacrumHippocratia</strong></span> <span class='ocrx_word' id='word_1_124' title='bbox 777 1486 869 1522; x_wconf 82' lang='lat' dir='ltr'><strong>dixe-</strong></span> 
     </span>
     <span class='ocr_line' id='line_1_23' title="bbox 191 1540 870 1583; baseline -0.001 -8"><span class='ocrx_word' id='word_1_125' title='bbox 191 1552 256 1574; x_wconf 84' lang='lat' dir='ltr'><strong>run</strong></span> <span class='ocrx_word' id='word_1_126' title='bbox 262 1547 287 1583; x_wconf 83' lang='lat' dir='ltr'><strong>t,</strong></span> <span class='ocrx_word' id='word_1_127' title='bbox 305 1540 456 1575; x_wconf 81' lang='lat' dir='ltr'><strong>Romani</strong></span> <span class='ocrx_word' id='word_1_128' title='bbox 468 1547 587 1575; x_wconf 88' lang='lat' dir='ltr'><strong>autem</strong></span> <span class='ocrx_word' id='word_1_129' title='bbox 597 1540 784 1582; x_wconf 85' lang='lat' dir='ltr'><strong>consualia;</strong></span> <span class='ocrx_word' id='word_1_130' title='bbox 799 1553 870 1574; x_wconf 85' lang='lat' dir='ltr'><strong>un-</strong></span> 
     </span>
     <span class='ocr_line' id='line_1_24' title="bbox 191 1590 867 1636; baseline 0.003 -11"><span class='ocrx_word' id='word_1_131' title='bbox 191 1591 234 1625; x_wconf 87' lang='lat' dir='ltr'><strong>de</strong></span> <span class='ocrx_word' id='word_1_132' title='bbox 249 1598 325 1636; x_wconf 76' lang='lat' dir='ltr'><strong>post</strong></span> <span class='ocrx_word' id='word_1_133' title='bbox 336 1591 409 1626; x_wconf 87' lang='lat' dir='ltr'><strong>ludi</strong></span> <span class='ocrx_word' id='word_1_134' title='bbox 425 1592 604 1627; x_wconf 78' lang='lat' dir='ltr'><strong>circenses.</strong></span> <span class='ocrx_word' id='word_1_135' title='bbox 622 1590 677 1627; x_wconf 64' lang='lat' dir='ltr'><strong>CC</strong></span> <span class='ocrx_word' id='word_1_136' title='bbox 697 1591 792 1627; x_wconf 85' lang='lat' dir='ltr'><strong>idern</strong></span> <span class='ocrx_word' id='word_1_137' title='bbox 807 1592 844 1627; x_wconf 93' lang='lat' dir='ltr'><strong>II</strong></span> <span class='ocrx_word' id='word_1_138' title='bbox 856 1619 867 1636; x_wconf 89' lang='lat'>,</span> 
     </span>
     <span class='ocr_line' id='line_1_25' title="bbox 190 1643 870 1694; baseline 0 -17"><span class='ocrx_word' id='word_1_139' title='bbox 190 1644 229 1678; x_wconf 75' lang='lat'><strong>31</strong></span> <span class='ocrx_word' id='word_1_140' title='bbox 245 1658 254 1684; x_wconf 87' lang='lat'>;</span> <span class='ocrx_word' id='word_1_141' title='bbox 274 1643 450 1694; x_wconf 60' lang='lat' dir='ltr'><strong>Plutarcli.</strong></span> <span class='ocrx_word' id='word_1_142' title='bbox 463 1644 569 1679; x_wconf 82' lang='lat' dir='ltr'><strong>Rom.</strong></span> <span class='ocrx_word' id='word_1_143' title='bbox 587 1645 689 1680; x_wconf 86' lang='lat' dir='ltr'>XIV.</span> <span class='ocrx_word' id='word_1_144' title='bbox 700 1662 745 1671; x_wconf 91' lang='lat'>—</span> <span class='ocrx_word' id='word_1_145' title='bbox 756 1646 833 1679; x_wconf 87' lang='lat' dir='ltr'><strong>Illo.</strong></span> <span class='ocrx_word' id='word_1_146' title='bbox 844 1670 870 1678; x_wconf 83' lang='lat'><strong>..</strong></span> 
     </span>
     <span class='ocr_line' id='line_1_26' title="bbox 189 1694 871 1741; baseline 0.007 -14"><span class='ocrx_word' id='word_1_147' title='bbox 189 1694 367 1730; x_wconf 55' lang='lat' dir='ltr'><strong>cai-etsie</strong></span> <span class='ocrx_word' id='word_1_148' title='bbox 376 1694 450 1730; x_wconf 79' lang='lat' dir='ltr'><strong>haec</strong></span> <span class='ocrx_word' id='word_1_149' title='bbox 463 1696 569 1731; x_wconf 82' lang='lat' dir='ltr'><strong>verba</strong></span> <span class='ocrx_word' id='word_1_150' title='bbox 584 1695 677 1730; x_wconf 86' lang='lat' dir='ltr'><strong>edidi</strong></span> <span class='ocrx_word' id='word_1_151' title='bbox 694 1709 713 1730; x_wconf 87' lang='lat' dir='ltr'><strong>e</strong></span> <span class='ocrx_word' id='word_1_152' title='bbox 736 1697 871 1741; x_wconf 80' lang='lat' dir='ltr'><strong>conjec.</strong></span> 
     </span>
     <span class='ocr_line' id='line_1_27' title="bbox 190 1744 870 1792; baseline 0.004 -13"><span class='ocrx_word' id='word_1_153' title='bbox 190 1744 347 1781; x_wconf 74' lang='lat' dir='ltr'><strong>Gronov.</strong></span> <span class='ocrx_word' id='word_1_154' title='bbox 358 1745 444 1781; x_wconf 77' lang='lat' dir='ltr'><strong>Obs.</strong></span> <span class='ocrx_word' id='word_1_155' title='bbox 460 1747 496 1782; x_wconf 84' lang='grc' dir='ltr'><strong>ΙΙ</strong></span> <span class='ocrx_word' id='word_1_156' title='bbox 510 1773 520 1790; x_wconf 84' lang='grc'><em>,</em></span> <span class='ocrx_word' id='word_1_157' title='bbox 533 1761 572 1781; x_wconf 81' lang='lat'><strong>21</strong></span> <span class='ocrx_word' id='word_1_158' title='bbox 582 1773 594 1790; x_wconf 86' lang='lat'>,</span> <span class='ocrx_word' id='word_1_159' title='bbox 610 1747 753 1792; x_wconf 85' lang='lat' dir='ltr'><strong>probata</strong></span> <span class='ocrx_word' id='word_1_160' title='bbox 762 1747 870 1782; x_wconf 83' lang='lat' dir='ltr'><strong>etiam</strong></span> 
     </span>
     <span class='ocr_line' id='line_1_28' title="bbox 194 1797 870 1843; baseline -0.001 -12"><span class='ocrx_word' id='word_1_161' title='bbox 194 1797 352 1832; x_wconf 76' lang='lat' dir='ltr'><strong>Heinsio.</strong></span> <span class='ocrx_word' id='word_1_162' title='bbox 370 1798 451 1833; x_wconf 79' lang='lat' dir='ltr'><strong>Hoc</strong></span> <span class='ocrx_word' id='word_1_163' title='bbox 466 1798 563 1833; x_wconf 86' lang='lat' dir='ltr'><strong>enim</strong></span> <span class='ocrx_word' id='word_1_164' title='bbox 582 1798 644 1833; x_wconf 83' lang='lat' dir='ltr'><strong>sibi</strong></span> <span class='ocrx_word' id='word_1_165' title='bbox 662 1798 737 1843; x_wconf 81' lang='lat' dir='ltr'><strong>vult</strong></span> <span class='ocrx_word' id='word_1_166' title='bbox 750 1799 870 1833; x_wconf 79' lang='lat' dir='ltr'><strong>Mars:</strong></span> 
     </span>
     <span class='ocr_line' id='line_1_29' title="bbox 191 1849 872 1896; baseline 0.003 -13"><span class='ocrx_word' id='word_1_167' title='bbox 191 1849 276 1894; x_wconf 85' lang='lat' dir='ltr'><strong>quid</strong></span> <span class='ocrx_word' id='word_1_168' title='bbox 293 1850 352 1884; x_wconf 90' lang='lat' dir='ltr'><strong>illo</strong></span> <span class='ocrx_word' id='word_1_169' title='bbox 375 1849 431 1885; x_wconf 89' lang='lat' dir='ltr'><strong>die</strong></span> <span class='ocrx_word' id='word_1_170' title='bbox 457 1850 545 1885; x_wconf 64' lang='lat' dir='ltr'><strong>festo</strong></span> <span class='ocrx_word' id='word_1_171' title='bbox 561 1850 690 1886; x_wconf 82' lang='lat' dir='ltr'><strong>sactum</strong></span> <span class='ocrx_word' id='word_1_172' title='bbox 707 1852 772 1895; x_wconf 84' lang='lat' dir='ltr'><strong>sit,</strong></span> <span class='ocrx_word' id='word_1_173' title='bbox 797 1852 872 1896; x_wconf 82' lang='lat' dir='ltr'><strong>jam</strong></span> 
     </span>
     <span class='ocr_line' id='line_1_30' title="bbox 193 1901 872 1949; baseline 0.004 -14"><span class='ocrx_word' id='word_1_174' title='bbox 193 1901 254 1935; x_wconf 80' lang='lat' dir='ltr'><strong>tibi</strong></span> <span class='ocrx_word' id='word_1_175' title='bbox 267 1927 278 1943; x_wconf 88' lang='lat'>,</span> <span class='ocrx_word' id='word_1_176' title='bbox 288 1901 394 1945; x_wconf 83' lang='lat' dir='ltr'><strong>Naso,</strong></span> <span class='ocrx_word' id='word_1_177' title='bbox 411 1915 485 1937; x_wconf 90' lang='lat' dir='ltr'><strong>non</strong></span> <span class='ocrx_word' id='word_1_178' title='bbox 496 1905 647 1939; x_wconf 81' lang='lat' dir='ltr'><strong>narrabo</strong></span> <span class='ocrx_word' id='word_1_179' title='bbox 656 1917 670 1945; x_wconf 85' lang='grc'>;</span> <span class='ocrx_word' id='word_1_180' title='bbox 683 1904 754 1949; x_wconf 76' lang='lat' dir='ltr'><strong>ipse</strong></span> <span class='ocrx_word' id='word_1_181' title='bbox 767 1902 872 1939; x_wconf 83' lang='lat' dir='ltr'><strong>Con-</strong></span> 
     </span>
     <span class='ocr_line' id='line_1_31' title="bbox 193 1953 871 2001; baseline 0.004 -13"><span class='ocrx_word' id='word_1_182' title='bbox 193 1966 249 1988; x_wconf 79' lang='lat' dir='ltr'><strong>sus</strong></span> <span class='ocrx_word' id='word_1_183' title='bbox 263 1953 368 1997; x_wconf 86' lang='lat' dir='ltr'><strong>dicet,</strong></span> <span class='ocrx_word' id='word_1_184' title='bbox 377 1955 436 1989; x_wconf 84' lang='lat' dir='ltr'><strong>ubi</strong></span> <span class='ocrx_word' id='word_1_185' title='bbox 450 1955 537 1991; x_wconf 86' lang='lat' dir='ltr'><strong>libro</strong></span> <span class='ocrx_word' id='word_1_186' title='bbox 549 1956 663 2001; x_wconf 88' lang='lat' dir='ltr'><strong>operis</strong></span> <span class='ocrx_word' id='word_1_187' title='bbox 674 1957 724 1990; x_wconf 89' lang='lat' dir='ltr'><strong>tui</strong></span> <span class='ocrx_word' id='word_1_188' title='bbox 735 1963 871 1998; x_wconf 79' lang='lat' dir='ltr'><strong>octavo,</strong></span> 
     </span>
     <span class='ocr_line' id='line_1_32' title="bbox 195 2005 872 2050; baseline 0.003 -11"><span class='ocrx_word' id='word_1_189' title='bbox 195 2017 315 2039; x_wconf 84' lang='lat' dir='ltr'><strong>mense</strong></span> <span class='ocrx_word' id='word_1_190' title='bbox 330 2005 461 2048; x_wconf 83' lang='lat' dir='ltr'><strong>sextili,</strong></span> <span class='ocrx_word' id='word_1_191' title='bbox 480 2019 500 2040; x_wconf 86' lang='lat' dir='ltr'><strong>a</strong></span> <span class='ocrx_word' id='word_1_192' title='bbox 519 2013 553 2041; x_wconf 81' lang='lat' dir='ltr'><strong>te</strong></span> <span class='ocrx_word' id='word_1_193' title='bbox 563 2007 742 2041; x_wconf 79' lang='lat' dir='ltr'><strong>invocatus</strong></span> <span class='ocrx_word' id='word_1_194' title='bbox 754 2033 764 2050; x_wconf 89' lang='lat'>,</span> <span class='ocrx_word' id='word_1_195' title='bbox 776 2019 872 2041; x_wconf 85' lang='lat' dir='ltr'><strong>sacra</strong></span> 
     </span>
     <span class='ocr_line' id='line_1_33' title="bbox 193 2057 874 2105; baseline 0.003 -13"><span class='ocrx_word' id='word_1_196' title='bbox 193 2070 255 2092; x_wconf 83' lang='lat' dir='ltr'><strong>sua</strong></span> <span class='ocrx_word' id='word_1_197' title='bbox 279 2058 339 2092; x_wconf 88' lang='lat' dir='ltr'><strong>tibi</strong></span> <span class='ocrx_word' id='word_1_198' title='bbox 366 2057 507 2093; x_wconf 81' lang='lat' dir='ltr'><strong>referet.</strong></span> <span class='ocrx_word' id='word_1_199' title='bbox 534 2059 593 2094; x_wconf 91' lang='lat' dir='ltr'><strong>Sic</strong></span> <span class='ocrx_word' id='word_1_200' title='bbox 614 2059 733 2093; x_wconf 83' lang='lat' dir='ltr'><strong>omnia</strong></span> <span class='ocrx_word' id='word_1_201' title='bbox 760 2059 874 2105; x_wconf 79' lang='lat' dir='ltr'><strong>plana.</strong></span> 
     </span>
     <span class='ocr_line' id='line_1_34' title="bbox 196 2109 877 2156; baseline 0.006 -14"><span class='ocrx_word' id='word_1_202' title='bbox 196 2109 313 2155; x_wconf 73' lang='lat' dir='ltr'><strong>Vulgo</strong></span> <span class='ocrx_word' id='word_1_203' title='bbox 327 2123 336 2145; x_wconf 77' lang='lat' dir='ltr'>z</span> <span class='ocrx_word' id='word_1_204' title='bbox 353 2111 433 2154; x_wconf 80' lang='lat' dir='ltr'><strong>Ipso</strong></span> <span class='ocrx_word' id='word_1_205' title='bbox 437 2112 535 2156; x_wconf 75' lang='lat' dir='ltr'><strong>festa</strong></span> <span class='ocrx_word' id='word_1_206' title='bbox 548 2115 603 2146; x_wconf 80' lang='lat' dir='ltr'><strong>die</strong></span> <span class='ocrx_word' id='word_1_207' title='bbox 613 2115 690 2146; x_wconf 82' lang='lat' dir='ltr'><strong>dum</strong></span> <span class='ocrx_word' id='word_1_208' title='bbox 700 2125 765 2146; x_wconf 82' lang='lat' dir='ltr'><strong>sua</strong></span> <span class='ocrx_word' id='word_1_209' title='bbox 774 2124 877 2146; x_wconf 77' lang='lat' dir='ltr'><strong>sacra</strong></span> 
     </span>
     <span class='ocr_line' id='line_1_35' title="bbox 194 2161 875 2206; baseline 0.004 -11"><span class='ocrx_word' id='word_1_210' title='bbox 194 2174 306 2197; x_wconf 72' lang='lat' dir='ltr'><strong>canes.</strong></span> <span class='ocrx_word' id='word_1_211' title='bbox 326 2161 398 2197; x_wconf 79' lang='lat' dir='ltr'><strong>sed</strong></span> <span class='ocrx_word' id='word_1_212' title='bbox 406 2162 505 2206; x_wconf 85' lang='lat' dir='ltr'><strong>sesla</strong></span> <span class='ocrx_word' id='word_1_213' title='bbox 516 2177 618 2198; x_wconf 82' lang='lat' dir='ltr'><strong>sacra</strong></span> <span class='ocrx_word' id='word_1_214' title='bbox 629 2177 702 2198; x_wconf 87' lang='lat' dir='ltr'><strong>non</strong></span> <span class='ocrx_word' id='word_1_215' title='bbox 712 2164 802 2198; x_wconf 84' lang='lat' dir='ltr'><strong>bene</strong></span> <span class='ocrx_word' id='word_1_216' title='bbox 819 2163 875 2198; x_wconf 84' lang='lat' dir='ltr'><strong>di-</strong></span> 
     </span>
     <span class='ocr_line' id='line_1_36' title="bbox 195 2215 874 2260; baseline 0.003 -14"><span class='ocrx_word' id='word_1_217' title='bbox 195 2219 343 2256; x_wconf 82' lang='lat' dir='ltr'><strong>cuntur,</strong></span> <span class='ocrx_word' id='word_1_218' title='bbox 355 2227 471 2259; x_wconf 89' lang='lat' dir='ltr'><strong>neque</strong></span> <span class='ocrx_word' id='word_1_219' title='bbox 481 2218 557 2259; x_wconf 81' lang='lat' dir='ltr'><strong>ipso</strong></span> <span class='ocrx_word' id='word_1_220' title='bbox 573 2215 688 2257; x_wconf 82' lang='lat' dir='ltr'><strong>habet,</strong></span> <span class='ocrx_word' id='word_1_221' title='bbox 702 2228 771 2260; x_wconf 89' lang='lat' dir='ltr'><strong>quo</strong></span> <span class='ocrx_word' id='word_1_222' title='bbox 781 2227 874 2250; x_wconf 81' lang='lat' dir='ltr'><strong>com·</strong></span> 
     </span>
     <span class='ocr_line' id='line_1_37' title="bbox 197 2263 874 2302; baseline 0.004 -4"><span class='ocrx_word' id='word_1_223' title='bbox 197 2263 301 2299; x_wconf 80' lang='lat' dir='ltr'><strong>mode</strong></span> <span class='ocrx_word' id='word_1_224' title='bbox 316 2265 500 2301; x_wconf 84' lang='lat' dir='ltr'><strong>reseratur.</strong></span> <span class='ocrx_word' id='word_1_225' title='bbox 518 2268 624 2302; x_wconf 85' lang='lat' dir='ltr'><strong>Multi</strong></span> <span class='ocrx_word' id='word_1_226' title='bbox 645 2270 707 2302; x_wconf 77' lang='lat' dir='ltr'><strong>illo</strong></span> <span class='ocrx_word' id='word_1_227' title='bbox 723 2275 783 2301; x_wconf 90' lang='lat' dir='ltr'><strong>aut</strong></span> <span class='ocrx_word' id='word_1_228' title='bbox 800 2270 874 2301; x_wconf 79' lang='lat' dir='ltr'><strong>illa.</strong></span> 
     </span>
     <span class='ocr_line' id='line_1_38' title="bbox 190 2315 872 2363; baseline 0.004 -13"><span class='ocrx_word' id='word_1_229' title='bbox 190 2315 335 2350; x_wconf 73' lang='lat' dir='ltr'><strong>——Tum</strong></span> <span class='ocrx_word' id='word_1_230' title='bbox 346 2317 443 2352; x_wconf 85' lang='lat' dir='ltr'><strong>MSS</strong></span> <span class='ocrx_word' id='word_1_231' title='bbox 449 2318 584 2353; x_wconf 84' lang='lat' dir='ltr'><strong>variant</strong></span> <span class='ocrx_word' id='word_1_232' title='bbox 590 2319 627 2353; x_wconf 89' lang='lat' dir='ltr'><strong>in</strong></span> <span class='ocrx_word' id='word_1_233' title='bbox 636 2321 713 2352; x_wconf 83' lang='lat' dir='ltr'><strong>dum</strong></span> <span class='ocrx_word' id='word_1_234' title='bbox 721 2326 757 2353; x_wconf 90' lang='lat' dir='ltr'><strong>et</strong></span> <span class='ocrx_word' id='word_1_235' title='bbox 763 2332 872 2363; x_wconf 73' lang='lat' dir='ltr'><strong>quum,</strong></span> 
     </span>
     <span class='ocr_line' id='line_1_39' title="bbox 198 2369 872 2416; baseline 0.004 -14"><span class='ocrx_word' id='word_1_236' title='bbox 198 2380 303 2412; x_wconf 78' lang='lat' dir='ltr'><strong>porro</strong></span> <span class='ocrx_word' id='word_1_237' title='bbox 316 2369 353 2404; x_wconf 90' lang='lat' dir='ltr'><strong>in</strong></span> <span class='ocrx_word' id='word_1_238' title='bbox 366 2382 484 2411; x_wconf 76' lang='lat' dir='ltr'><strong>canes,</strong></span> <span class='ocrx_word' id='word_1_239' title='bbox 504 2373 748 2416; x_wconf 78' lang='lat' dir='ltr'><strong>canas‚sac1‘s‚</strong></span> <span class='ocrx_word' id='word_1_240' title='bbox 771 2374 872 2411; x_wconf 83' lang='lat' dir='ltr'><strong>coles,</strong></span> 
     </span>
     <span class='ocr_line' id='line_1_40' title="bbox 198 2419 879 2466; baseline 0.007 -14"><span class='ocrx_word' id='word_1_241' title='bbox 198 2419 284 2454; x_wconf 80' lang='lat' dir='ltr'><strong>item</strong></span> <span class='ocrx_word' id='word_1_242' title='bbox 295 2419 438 2463; x_wconf 82' lang='lat' dir='ltr'><strong>infesta,</strong></span> <span class='ocrx_word' id='word_1_243' title='bbox 446 2421 672 2466; x_wconf 64' lang='lat' dir='ltr'><strong>gestmsacla.</strong></span> <span class='ocrx_word' id='word_1_244' title='bbox 683 2423 697 2457; x_wconf 92' lang='lat'>1</span> <span class='ocrx_word' id='word_1_245' title='bbox 701 2423 772 2457; x_wconf 83' lang='lat' dir='ltr'><strong>nde</strong></span> <span class='ocrx_word' id='word_1_246' title='bbox 782 2422 879 2457; x_wconf 90' lang='lat' dir='ltr'><strong>Gro—</strong></span> 
     </span>
     <span class='ocr_line' id='line_1_41' title="bbox 197 2472 875 2521; baseline 0.004 -14"><span class='ocrx_word' id='word_1_247' title='bbox 197 2484 280 2507; x_wconf 81' lang='lat' dir='ltr'><strong>nov.</strong></span> <span class='ocrx_word' id='word_1_248' title='bbox 293 2485 392 2507; x_wconf 78' lang='lat' dir='ltr'><strong>suam</strong></span> <span class='ocrx_word' id='word_1_249' title='bbox 405 2472 481 2509; x_wconf 78' lang='lat' dir='ltr'><strong>lect.</strong></span> <span class='ocrx_word' id='word_1_250' title='bbox 496 2476 700 2521; x_wconf 78' lang='lat' dir='ltr'><strong>composuit.</strong></span> <span class='ocrx_word' id='word_1_251' title='bbox 723 2477 774 2510; x_wconf 84' lang='lat' dir='ltr'><strong>Ac</strong></span> <span class='ocrx_word' id='word_1_252' title='bbox 787 2489 875 2520; x_wconf 82' lang='lat' dir='ltr'><strong>rap-</strong></span> 
     </span>
     <span class='ocr_line' id='line_1_42' title="bbox 201 2523 875 2562; baseline 0.004 -5"><span class='ocrx_word' id='word_1_253' title='bbox 201 2531 277 2558; x_wconf 87' lang='lat' dir='ltr'><strong>tum</strong></span> <span class='ocrx_word' id='word_1_254' title='bbox 299 2523 394 2560; x_wconf 82' lang='lat' dir='ltr'><strong>hunc</strong></span> <span class='ocrx_word' id='word_1_255' title='bbox 414 2526 604 2562; x_wconf 79' lang='lat' dir='ltr'><strong>mulierum</strong></span> <span class='ocrx_word' id='word_1_256' title='bbox 623 2527 752 2562; x_wconf 78' lang='lat' dir='ltr'><strong>Noster</strong></span> <span class='ocrx_word' id='word_1_257' title='bbox 768 2528 875 2561; x_wconf 90' lang='lat' dir='ltr'><strong>etiam</strong></span> 
     </span>
     <span class='ocr_line' id='line_1_43' title="bbox 203 2574 788 2623; baseline 0.007 -15"><span class='ocrx_word' id='word_1_258' title='bbox 203 2575 278 2609; x_wconf 78' lang='lat' dir='ltr'><strong>Art.</strong></span> <span class='ocrx_word' id='word_1_259' title='bbox 298 2574 414 2610; x_wconf 81' lang='lat' dir='ltr'><strong>Amat.</strong></span> <span class='ocrx_word' id='word_1_260' title='bbox 432 2577 472 2620; x_wconf 90' lang='lat'><strong>1,</strong></span> <span class='ocrx_word' id='word_1_261' title='bbox 493 2589 551 2612; x_wconf 86' lang='grc' dir='ltr'><strong>ιοι</strong></span> <span class='ocrx_word' id='word_1_262' title='bbox 573 2591 636 2623; x_wconf 88' lang='lat' dir='ltr'><strong>sqq</strong></span> <span class='ocrx_word' id='word_1_263' title='bbox 653 2577 788 2613; x_wconf 83' lang='lat' dir='ltr'><strong>cecinit.</strong></span> 
     </span>
     <span class='ocr_line' id='line_1_44' title="bbox 245 2626 879 2673; baseline 0.005 -13"><span class='ocrx_word' id='word_1_264' title='bbox 245 2637 321 2660; x_wconf 72' lang='lat' dir='ltr'><strong>aon.</strong></span> <span class='ocrx_word' id='word_1_265' title='bbox 336 2627 457 2667; x_wconf 66' lang='grc' dir='ltr'><strong>δικ-π,</strong></span> <span class='ocrx_word' id='word_1_266' title='bbox 474 2626 593 2662; x_wconf 86' lang='lat' dir='ltr'><strong>Sabini</strong></span> <span class='ocrx_word' id='word_1_267' title='bbox 606 2655 616 2672; x_wconf 84' lang='lat'>‚</span> <span class='ocrx_word' id='word_1_268' title='bbox 632 2641 785 2673; x_wconf 86' lang='lat' dir='ltr'><strong>quorum</strong></span> <span class='ocrx_word' id='word_1_269' title='bbox 797 2641 879 2662; x_wconf 86' lang='lat' dir='ltr'><strong>om-</strong></span> 
     </span>
     <span class='ocr_line' id='line_1_45' title="bbox 202 2677 877 2726; baseline 0.004 -13"><span class='ocrx_word' id='word_1_270' title='bbox 202 2678 256 2713; x_wconf 85' lang='lat' dir='ltr'><strong>nis</strong></span> <span class='ocrx_word' id='word_1_271' title='bbox 271 2677 460 2713; x_wconf 79' lang='lat' dir='ltr'><strong>multitudo</strong></span> <span class='ocrx_word' id='word_1_272' title='bbox 470 2692 552 2714; x_wconf 88' lang='lat' dir='ltr'><strong>cum</strong></span> <span class='ocrx_word' id='word_1_273' title='bbox 563 2681 678 2715; x_wconf 87' lang='lat' dir='ltr'><strong>liberis</strong></span> <span class='ocrx_word' id='word_1_274' title='bbox 686 2694 725 2716; x_wconf 90' lang='lat' dir='ltr'><strong>ac</strong></span> <span class='ocrx_word' id='word_1_275' title='bbox 744 2682 877 2726; x_wconf 90' lang='lat' dir='ltr'><strong>conju-</strong></span> 
     </span>
     <span class='ocr_line' id='line_1_46' title="bbox 203 2730 878 2775; baseline 0.009 -13"><span class='ocrx_word' id='word_1_276' title='bbox 203 2730 299 2772; x_wconf 75' lang='lat' dir='ltr'><strong>gibus</strong></span> <span class='ocrx_word' id='word_1_277' title='bbox 314 2730 431 2771; x_wconf 58' lang='grc' dir='ltr'>νεοίη</span> <span class='ocrx_word' id='word_1_278' title='bbox 451 2730 525 2764; x_wconf 78' lang='lat' dir='ltr'><strong>Liv.</strong></span> <span class='ocrx_word' id='word_1_279' title='bbox 537 2749 581 2758; x_wconf 94' lang='lat'><strong>--</strong></span> <span class='ocrx_word' id='word_1_280' title='bbox 600 2734 694 2775; x_wconf 79' lang='lat' dir='ltr'><strong>Quos</strong></span> <span class='ocrx_word' id='word_1_281' title='bbox 705 2736 802 2767; x_wconf 79' lang='lat' dir='ltr'><strong>dolor</strong></span> <span class='ocrx_word' id='word_1_282' title='bbox 813 2741 878 2769; x_wconf 69' lang='lat' dir='ltr'><strong>etc,</strong></span> 
     </span>
    </p>
   </div>
   <div class='ocr_carea' id='block_1_12' title="bbox 1549 1189 1613 1212">
    <p class='ocr_par' dir='ltr' id='par_1_15' title="bbox 1549 1189 1613 1212">
     <span class='ocr_line' id='line_1_47' title="bbox 1549 1189 1613 1212; baseline -0.031 0"><span class='ocrx_word' id='word_1_283' title='bbox 1549 1189 1613 1212; x_wconf 80' lang='lat'><strong>210</strong></span> 
     </span>
    </p>
   </div>
   <div class='ocr_carea' id='block_1_13' title="bbox 932 1277 1621 2784">
    <p class='ocr_par' dir='ltr' id='par_1_16' title="bbox 932 1277 1616 1740">
     <span class='ocr_line' id='line_1_48' title="bbox 936 1277 1613 1324; baseline 0 -10"><span class='ocrx_word' id='word_1_284' title='bbox 936 1278 1165 1314; x_wconf 78' lang='lat' dir='ltr'><strong>Caeninenses</strong></span> <span class='ocrx_word' id='word_1_285' title='bbox 1173 1306 1184 1323; x_wconf 90' lang='lat'>‚</span> <span class='ocrx_word' id='word_1_286' title='bbox 1200 1277 1444 1324; x_wconf 83' lang='lat' dir='ltr'><strong>Crustumini,</strong></span> <span class='ocrx_word' id='word_1_287' title='bbox 1459 1280 1613 1314; x_wconf 81' lang='lat' dir='ltr'><strong>Antem-</strong></span> 
     </span>
     <span class='ocr_line' id='line_1_49' title="bbox 933 1331 1613 1375; baseline 0 -9"><span class='ocrx_word' id='word_1_288' title='bbox 933 1331 1214 1366; x_wconf 53' lang='lat' dir='ltr'><strong>nates—verbis</strong></span> <span class='ocrx_word' id='word_1_289' title='bbox 1221 1333 1436 1375; x_wconf 61' lang='lat' dir='ltr'><strong>tutaminum</strong></span> <span class='ocrx_word' id='word_1_290' title='bbox 1445 1331 1613 1366; x_wconf 88' lang='lat' dir='ltr'><strong>etc.Dou-</strong></span> 
     </span>
     <span class='ocr_line' id='line_1_50' title="bbox 932 1381 1612 1428; baseline 0.001 -11"><span class='ocrx_word' id='word_1_291' title='bbox 932 1396 982 1418; x_wconf 67' lang='grc' dir='ltr'><strong>ιε</strong></span> <span class='ocrx_word' id='word_1_292' title='bbox 993 1381 1132 1418; x_wconf 83' lang='lat' dir='ltr'><strong>videtur</strong></span> <span class='ocrx_word' id='word_1_293' title='bbox 1146 1389 1247 1428; x_wconf 85' lang='lat' dir='ltr'><strong>poeta</strong></span> <span class='ocrx_word' id='word_1_294' title='bbox 1266 1381 1524 1418; x_wconf 80' lang='lat' dir='ltr'><strong>dissimulanter</strong></span> <span class='ocrx_word' id='word_1_295' title='bbox 1546 1397 1612 1418; x_wconf 89' lang='lat' dir='ltr'><strong>su-</strong></span> 
     </span>
     <span class='ocr_line' id='line_1_51' title="bbox 934 1434 1615 1482; baseline 0 -12"><span class='ocrx_word' id='word_1_296' title='bbox 934 1435 1064 1482; x_wconf 81' lang='lat' dir='ltr'><strong>gillasse</strong></span> <span class='ocrx_word' id='word_1_297' title='bbox 1077 1434 1159 1470; x_wconf 84' lang='lat' dir='ltr'><strong>belli</strong></span> <span class='ocrx_word' id='word_1_298' title='bbox 1180 1434 1288 1470; x_wconf 79' lang='lat' dir='ltr'><strong>civilis</strong></span> <span class='ocrx_word' id='word_1_299' title='bbox 1306 1442 1464 1470; x_wconf 83' lang='lat' dir='ltr'><strong>auctores</strong></span> <span class='ocrx_word' id='word_1_300' title='bbox 1475 1461 1486 1478; x_wconf 93' lang='lat'>,</span> <span class='ocrx_word' id='word_1_301' title='bbox 1504 1436 1615 1470; x_wconf 88' lang='lat' dir='ltr'><strong>Pom—</strong></span> 
     </span>
     <span class='ocr_line' id='line_1_52' title="bbox 933 1486 1615 1534; baseline 0.001 -12"><span class='ocrx_word' id='word_1_302' title='bbox 933 1489 1055 1534; x_wconf 85' lang='lat' dir='ltr'><strong>peium</strong></span> <span class='ocrx_word' id='word_1_303' title='bbox 1068 1495 1104 1522; x_wconf 86' lang='lat' dir='ltr'><strong>et</strong></span> <span class='ocrx_word' id='word_1_304' title='bbox 1116 1486 1292 1523; x_wconf 63' lang='lat' dir='ltr'><strong>Cosarem</strong></span> <span class='ocrx_word' id='word_1_305' title='bbox 1306 1487 1436 1524; x_wconf 78' lang='lat' dir='ltr'><strong>aflines.</strong></span> <span class='ocrx_word' id='word_1_306' title='bbox 1451 1488 1615 1534; x_wconf 74' lang='lat' dir='ltr'><strong>Impietas</strong></span> 
     </span>
     <span class='ocr_line' id='line_1_53' title="bbox 933 1540 1615 1576; baseline -0.001 -1"><span class='ocrx_word' id='word_1_307' title='bbox 933 1540 1024 1575; x_wconf 88' lang='lat' dir='ltr'><strong>illius</strong></span> <span class='ocrx_word' id='word_1_308' title='bbox 1037 1540 1119 1575; x_wconf 89' lang='lat' dir='ltr'><strong>belli</strong></span> <span class='ocrx_word' id='word_1_309' title='bbox 1142 1541 1190 1576; x_wconf 82' lang='lat' dir='ltr'><strong>sic</strong></span> <span class='ocrx_word' id='word_1_310' title='bbox 1214 1547 1359 1575; x_wconf 84' lang='lat' dir='ltr'><strong>notatur</strong></span> <span class='ocrx_word' id='word_1_311' title='bbox 1382 1541 1488 1576; x_wconf 86' lang='lat' dir='ltr'><strong>etiam</strong></span> <span class='ocrx_word' id='word_1_312' title='bbox 1505 1555 1524 1576; x_wconf 91' lang='lat' dir='ltr'><strong>a</strong></span> <span class='ocrx_word' id='word_1_313' title='bbox 1541 1541 1615 1575; x_wconf 77' lang='lat' dir='ltr'><strong>Liv.</strong></span> 
     </span>
     <span class='ocr_line' id='line_1_54' title="bbox 936 1591 1614 1635; baseline 0.003 -9"><span class='ocrx_word' id='word_1_314' title='bbox 936 1592 972 1635; x_wconf 88' lang='lat' dir='ltr'><strong>l,</strong></span> <span class='ocrx_word' id='word_1_315' title='bbox 992 1591 1031 1626; x_wconf 80' lang='lat'><strong>13</strong></span> <span class='ocrx_word' id='word_1_316' title='bbox 1046 1617 1056 1634; x_wconf 89' lang='lat'>,</span> <span class='ocrx_word' id='word_1_317' title='bbox 1081 1591 1140 1626; x_wconf 90' lang='lat' dir='ltr'><strong>ubi</strong></span> <span class='ocrx_word' id='word_1_318' title='bbox 1159 1591 1324 1626; x_wconf 77' lang='lat' dir='ltr'><strong>mulieres</strong></span> <span class='ocrx_word' id='word_1_319' title='bbox 1341 1598 1462 1635; x_wconf 87' lang='lat' dir='ltr'><strong>orant,</strong></span> <span class='ocrx_word' id='word_1_320' title='bbox 1484 1607 1501 1622; x_wconf 71' lang='grc' dir='ltr'><strong><em>κ</em></strong></span> <span class='ocrx_word' id='word_1_321' title='bbox 1518 1605 1563 1626; x_wconf 86' lang='lat' dir='ltr'><strong>ne</strong></span> <span class='ocrx_word' id='word_1_322' title='bbox 1578 1606 1614 1628; x_wconf 79' lang='lat' dir='ltr'><strong>se</strong></span> 
     </span>
     <span class='ocr_line' id='line_1_55' title="bbox 934 1641 1616 1689; baseline 0.009 -16"><span class='ocrx_word' id='word_1_323' title='bbox 934 1657 953 1673; x_wconf 71' lang='lat'><strong>2·</strong></span> <span class='ocrx_word' id='word_1_324' title='bbox 969 1642 1139 1687; x_wconf 81' lang='lat' dir='ltr'><strong>sanguine</strong></span> <span class='ocrx_word' id='word_1_325' title='bbox 1166 1641 1322 1676; x_wconf 81' lang='lat' dir='ltr'><strong>nefando</strong></span> <span class='ocrx_word' id='word_1_326' title='bbox 1338 1643 1451 1678; x_wconf 80' lang='lat' dir='ltr'><strong>soceri</strong></span> <span class='ocrx_word' id='word_1_327' title='bbox 1469 1644 1616 1689; x_wconf 71' lang='lat' dir='ltr'><strong>generi·</strong></span> 
     </span>
     <span class='ocr_line' id='line_1_56' title="bbox 934 1701 1306 1740; baseline 0.003 -13"><span class='ocrx_word' id='word_1_328' title='bbox 934 1709 953 1724; x_wconf 84' lang='lat'>»</span> <span class='ocrx_word' id='word_1_329' title='bbox 970 1707 1039 1740; x_wconf 80' lang='lat' dir='ltr'><strong>que</strong></span> <span class='ocrx_word' id='word_1_330' title='bbox 1054 1701 1270 1739; x_wconf 81' lang='lat' dir='ltr'><strong>respergant.</strong></span> <span class='ocrx_word' id='word_1_331' title='bbox 1286 1709 1306 1724; x_wconf 85' lang='lat'><strong>»</strong></span> 
     </span>
    </p>

    <p class='ocr_par' dir='ltr' id='par_1_17' title="bbox 934 1747 1621 2784">
     <span class='ocr_line' id='line_1_57' title="bbox 978 1747 1616 1794; baseline 0.006 -13"><span class='ocrx_word' id='word_1_332' title='bbox 978 1747 1055 1781; x_wconf 80' lang='lat'><strong>203.</strong></span> <span class='ocrx_word' id='word_1_333' title='bbox 1064 1747 1212 1781; x_wconf 77' lang='lat' dir='ltr'><strong>Matrum</strong></span> <span class='ocrx_word' id='word_1_334' title='bbox 1221 1760 1349 1783; x_wconf 75' lang='lat' dir='ltr'><strong>nomen.</strong></span> <span class='ocrx_word' id='word_1_335' title='bbox 1362 1747 1499 1794; x_wconf 87' lang='lat' dir='ltr'><strong>Nempe</strong></span> <span class='ocrx_word' id='word_1_336' title='bbox 1511 1749 1616 1784; x_wconf 84' lang='lat' dir='ltr'><strong>trien-</strong></span> 
     </span>
     <span class='ocr_line' id='line_1_58' title="bbox 934 1798 1617 1837; baseline 0.006 -4"><span class='ocrx_word' id='word_1_337' title='bbox 934 1798 1037 1834; x_wconf 85' lang='lat' dir='ltr'><strong>nium</strong></span> <span class='ocrx_word' id='word_1_338' title='bbox 1061 1806 1221 1834; x_wconf 73' lang='lat' dir='ltr'><strong>exactum</strong></span> <span class='ocrx_word' id='word_1_339' title='bbox 1246 1807 1323 1834; x_wconf 89' lang='lat' dir='ltr'><strong>erat</strong></span> <span class='ocrx_word' id='word_1_340' title='bbox 1346 1800 1389 1835; x_wconf 87' lang='lat' dir='ltr'><strong>ab</strong></span> <span class='ocrx_word' id='word_1_341' title='bbox 1415 1801 1516 1836; x_wconf 87' lang='lat' dir='ltr'><strong>initio</strong></span> <span class='ocrx_word' id='word_1_342' title='bbox 1535 1802 1617 1837; x_wconf 81' lang='lat' dir='ltr'><strong>belli</strong></span> 
     </span>
     <span class='ocr_line' id='line_1_59' title="bbox 935 1851 1618 1899; baseline 0.006 -13"><span class='ocrx_word' id='word_1_343' title='bbox 935 1864 1045 1897; x_wconf 80' lang='lat' dir='ltr'><strong>usque</strong></span> <span class='ocrx_word' id='word_1_344' title='bbox 1060 1851 1104 1886; x_wconf 84' lang='lat' dir='ltr'><strong>ad</strong></span> <span class='ocrx_word' id='word_1_345' title='bbox 1119 1852 1276 1887; x_wconf 78' lang='lat' dir='ltr'><strong>reditum</strong></span> <span class='ocrx_word' id='word_1_346' title='bbox 1288 1853 1325 1887; x_wconf 91' lang='lat' dir='ltr'><strong>in</strong></span> <span class='ocrx_word' id='word_1_347' title='bbox 1336 1854 1618 1899; x_wconf 51' lang='grc' dir='ltr'><strong>μεθῆκα-Μο-</strong></span> 
     </span>
     <span class='ocr_line' id='line_1_60' title="bbox 935 1905 1618 1942; baseline 0.006 -4"><span class='ocrx_word' id='word_1_348' title='bbox 935 1918 977 1938; x_wconf 79' lang='lat' dir='ltr'><strong>ta</strong></span> <span class='ocrx_word' id='word_1_349' title='bbox 992 1905 1095 1940; x_wconf 82' lang='lat' dir='ltr'><strong>scilic.</strong></span> <span class='ocrx_word' id='word_1_350' title='bbox 1110 1905 1325 1940; x_wconf 85' lang='lat' dir='ltr'><strong>Sabinorum</strong></span> <span class='ocrx_word' id='word_1_351' title='bbox 1342 1919 1351 1940; x_wconf 91' lang='lat'>:</span> <span class='ocrx_word' id='word_1_352' title='bbox 1365 1921 1385 1936; x_wconf 69' lang='grc' dir='ltr'><strong><em>κ</em></strong></span> <span class='ocrx_word' id='word_1_353' title='bbox 1406 1906 1511 1941; x_wconf 79' lang='lat' dir='ltr'><strong>Mora</strong></span> <span class='ocrx_word' id='word_1_354' title='bbox 1526 1907 1618 1942; x_wconf 84' lang='lat' dir='ltr'><strong>trahi</strong></span> 
     </span>
     <span class='ocr_line' id='line_1_61' title="bbox 936 1955 1616 2004; baseline 0.007 -15"><span class='ocrx_word' id='word_1_355' title='bbox 936 1970 955 1985; x_wconf 66' lang='grc' dir='ltr'><strong>ιν</strong></span> <span class='ocrx_word' id='word_1_356' title='bbox 973 1955 1104 1990; x_wconf 86' lang='lat' dir='ltr'><strong>bellum</strong></span> <span class='ocrx_word' id='word_1_357' title='bbox 1120 1969 1139 1985; x_wconf 76' lang='lat'><strong>³·</strong></span> <span class='ocrx_word' id='word_1_358' title='bbox 1158 1955 1287 1992; x_wconf 88' lang='lat' dir='ltr'><strong>dicitur</strong></span> <span class='ocrx_word' id='word_1_359' title='bbox 1303 1957 1411 1992; x_wconf 87' lang='lat' dir='ltr'><strong>etiam</strong></span> <span class='ocrx_word' id='word_1_360' title='bbox 1426 1958 1525 1993; x_wconf 80' lang='lat' dir='ltr'><strong>Livio</strong></span> <span class='ocrx_word' id='word_1_361' title='bbox 1540 1959 1593 1994; x_wconf 82' lang='lat' dir='ltr'><strong>lx</strong></span> <span class='ocrx_word' id='word_1_362' title='bbox 1606 1987 1616 2004; x_wconf 83' lang='lat'>,</span> 
     </span>
     <span class='ocr_line' id='line_1_62' title="bbox 936 2009 1617 2052; baseline 0.007 -11"><span class='ocrx_word' id='word_1_363' title='bbox 936 2020 989 2052; x_wconf 83' lang='lat'><strong>²7·</strong></span> <span class='ocrx_word' id='word_1_364' title='bbox 1007 2025 1051 2033; x_wconf 94' lang='lat'>—</span> <span class='ocrx_word' id='word_1_365' title='bbox 1065 2009 1226 2049; x_wconf 73' lang='lat' dir='ltr'><strong>metam,</strong></span> <span class='ocrx_word' id='word_1_366' title='bbox 1242 2010 1479 2045; x_wconf 81' lang='lat' dir='ltr'><strong>constitutam.</strong></span> <span class='ocrx_word' id='word_1_367' title='bbox 1489 2013 1617 2046; x_wconf 78' lang='lat' dir='ltr'><strong>—Nu-</strong></span> 
     </span>
     <span class='ocr_line' id='line_1_63' title="bbox 934 2060 1614 2109; baseline 0.007 -16"><span class='ocrx_word' id='word_1_368' title='bbox 934 2073 991 2094; x_wconf 79' lang='lat' dir='ltr'><strong>nes</strong></span> <span class='ocrx_word' id='word_1_369' title='bbox 1002 2060 1128 2096; x_wconf 79' lang='lat' dir='ltr'><strong>Martis</strong></span> <span class='ocrx_word' id='word_1_370' title='bbox 1139 2063 1292 2096; x_wconf 75' lang='lat' dir='ltr'><strong>Hersilia</strong></span> <span class='ocrx_word' id='word_1_371' title='bbox 1302 2089 1312 2103; x_wconf 80' lang='grc'><strong>,</strong></span> <span class='ocrx_word' id='word_1_372' title='bbox 1323 2075 1429 2108; x_wconf 80' lang='lat' dir='ltr'><strong>quam</strong></span> <span class='ocrx_word' id='word_1_373' title='bbox 1442 2070 1478 2097; x_wconf 83' lang='lat' dir='ltr'><strong>et</strong></span> <span class='ocrx_word' id='word_1_374' title='bbox 1493 2064 1614 2109; x_wconf 81' lang='lat' dir='ltr'><strong>ipsam,</strong></span> 
     </span>
     <span class='ocr_line' id='line_1_64' title="bbox 935 2114 1618 2163; baseline 0.01 -17"><span class='ocrx_word' id='word_1_375' title='bbox 935 2119 1116 2158; x_wconf 79' lang='lat' dir='ltr'><strong>tamquam</strong></span> <span class='ocrx_word' id='word_1_376' title='bbox 1142 2114 1314 2159; x_wconf 82' lang='lat' dir='ltr'><strong>virginem</strong></span> <span class='ocrx_word' id='word_1_377' title='bbox 1327 2141 1338 2158; x_wconf 88' lang='lat'>‚</span> <span class='ocrx_word' id='word_1_378' title='bbox 1372 2129 1483 2161; x_wconf 84' lang='lat' dir='ltr'><strong>quum</strong></span> <span class='ocrx_word' id='word_1_379' title='bbox 1507 2125 1618 2163; x_wconf 86' lang='lat' dir='ltr'><strong>nupta</strong></span> 
     </span>
     <span class='ocr_line' id='line_1_65' title="bbox 936 2170 1618 2210; baseline 0.012 -12"><span class='ocrx_word' id='word_1_380' title='bbox 936 2172 1025 2199; x_wconf 82' lang='lat' dir='ltr'><strong>esset</strong></span> <span class='ocrx_word' id='word_1_381' title='bbox 1037 2190 1048 2207; x_wconf 87' lang='lat'>‚</span> <span class='ocrx_word' id='word_1_382' title='bbox 1064 2173 1200 2210; x_wconf 83' lang='lat' dir='ltr'><strong>raptam</strong></span> <span class='ocrx_word' id='word_1_383' title='bbox 1218 2181 1292 2202; x_wconf 74' lang='lat' dir='ltr'><strong>esse</strong></span> <span class='ocrx_word' id='word_1_384' title='bbox 1317 2170 1478 2204; x_wconf 83' lang='lat' dir='ltr'><strong>nonnulli</strong></span> <span class='ocrx_word' id='word_1_385' title='bbox 1502 2171 1618 2205; x_wconf 84' lang='lat' dir='ltr'><strong>tradi-</strong></span> 
     </span>
     <span class='ocr_line' id='line_1_66' title="bbox 938 2215 1617 2268; baseline 0.012 -18"><span class='ocrx_word' id='word_1_386' title='bbox 938 2215 1075 2251; x_wconf 74' lang='lat' dir='ltr'><strong>derant.</strong></span> <span class='ocrx_word' id='word_1_387' title='bbox 1085 2217 1232 2265; x_wconf 83' lang='lat' dir='ltr'><strong>Dionys.</strong></span> <span class='ocrx_word' id='word_1_388' title='bbox 1246 2219 1296 2263; x_wconf 76' lang='grc' dir='ltr'><strong>ΙΙ,</strong></span> <span class='ocrx_word' id='word_1_389' title='bbox 1312 2222 1374 2264; x_wconf 72' lang='grc'><strong>45,</strong></span> <span class='ocrx_word' id='word_1_390' title='bbox 1388 2222 1448 2267; x_wconf 81' lang='lat' dir='ltr'><strong>qui</strong></span> <span class='ocrx_word' id='word_1_391' title='bbox 1460 2224 1617 2268; x_wconf 82' lang='lat' dir='ltr'><strong>proxime</strong></span> 
     </span>
     <span class='ocr_line' id='line_1_67' title="bbox 939 2267 1618 2315; baseline 0.01 -13"><span class='ocrx_word' id='word_1_392' title='bbox 939 2267 981 2302; x_wconf 89' lang='lat' dir='ltr'><strong>ad</strong></span> <span class='ocrx_word' id='word_1_393' title='bbox 999 2280 1124 2302; x_wconf 83' lang='lat' dir='ltr'><strong>verum</strong></span> <span class='ocrx_word' id='word_1_394' title='bbox 1140 2269 1281 2304; x_wconf 80' lang='lat' dir='ltr'><strong>videtur</strong></span> <span class='ocrx_word' id='word_1_395' title='bbox 1292 2272 1457 2307; x_wconf 84' lang='lat' dir='ltr'><strong>accedere</strong></span> <span class='ocrx_word' id='word_1_396' title='bbox 1470 2299 1480 2315; x_wconf 86' lang='lat'>‚</span> <span class='ocrx_word' id='word_1_397' title='bbox 1493 2273 1618 2308; x_wconf 80' lang='lat' dir='ltr'><strong>Hersi-</strong></span> 
     </span>
     <span class='ocr_line' id='line_1_68' title="bbox 938 2318 1621 2367; baseline 0.012 -15"><span class='ocrx_word' id='word_1_398' title='bbox 938 2318 1020 2353; x_wconf 87' lang='lat' dir='ltr'><strong>liam</strong></span> <span class='ocrx_word' id='word_1_399' title='bbox 1035 2331 1119 2353; x_wconf 89' lang='lat' dir='ltr'><strong>cum</strong></span> <span class='ocrx_word' id='word_1_400' title='bbox 1135 2318 1204 2353; x_wconf 79' lang='lat' dir='ltr'><strong>filia</strong></span> <span class='ocrx_word' id='word_1_401' title='bbox 1218 2323 1463 2367; x_wconf 83' lang='lat' dir='ltr'><strong>rapta&#39;sponte</strong></span> <span class='ocrx_word' id='word_1_402' title='bbox 1478 2324 1514 2358; x_wconf 89' lang='lat' dir='ltr'><strong>in</strong></span> <span class='ocrx_word' id='word_1_403' title='bbox 1531 2325 1621 2360; x_wconf 80' lang='lat' dir='ltr'><strong>urbe</strong></span> 
     </span>
     <span class='ocr_line' id='line_1_69' title="bbox 937 2371 1619 2416; baseline 0.01 -12"><span class='ocrx_word' id='word_1_404' title='bbox 937 2371 1115 2405; x_wconf 81' lang='lat' dir='ltr'><strong>mansisse.</strong></span> <span class='ocrx_word' id='word_1_405' title='bbox 1129 2372 1164 2406; x_wconf 88' lang='lat' dir='ltr'><strong>ls</strong></span> <span class='ocrx_word' id='word_1_406' title='bbox 1178 2384 1317 2416; x_wconf 79' lang='lat' dir='ltr'><strong>quoque</strong></span> <span class='ocrx_word' id='word_1_407' title='bbox 1328 2373 1417 2408; x_wconf 86' lang='lat' dir='ltr'><strong>hanc.</strong></span> <span class='ocrx_word' id='word_1_408' title='bbox 1428 2375 1619 2411; x_wconf 86' lang='lat' dir='ltr'><strong>mulierum</strong></span> 
     </span>
     <span class='ocr_line' id='line_1_70' title="bbox 937 2423 1620 2463; baseline 0.009 -7"><span class='ocrx_word' id='word_1_409' title='bbox 937 2423 1144 2457; x_wconf 83' lang='lat' dir='ltr'><strong>concionem</strong></span> <span class='ocrx_word' id='word_1_410' title='bbox 1156 2430 1192 2457; x_wconf 89' lang='lat' dir='ltr'><strong>et</strong></span> <span class='ocrx_word' id='word_1_411' title='bbox 1204 2423 1364 2458; x_wconf 68' lang='lat' dir='ltr'><strong>Hersilia</strong></span> <span class='ocrx_word' id='word_1_412' title='bbox 1375 2425 1558 2461; x_wconf 72' lang='lat' dir='ltr'><strong>consilium</strong></span> <span class='ocrx_word' id='word_1_413' title='bbox 1566 2440 1620 2463; x_wconf 83' lang='lat' dir='ltr'><strong>re·</strong></span> 
     </span>
     <span class='ocr_line' id='line_1_71' title="bbox 937 2472 1617 2519; baseline 0.012 -12"><span class='ocrx_word' id='word_1_414' title='bbox 937 2472 1026 2513; x_wconf 56' lang='lat' dir='ltr'><strong>seru</strong></span> <span class='ocrx_word' id='word_1_415' title='bbox 1045 2474 1131 2519; x_wconf 87' lang='lat' dir='ltr'><strong>quin</strong></span> <span class='ocrx_word' id='word_1_416' title='bbox 1150 2474 1247 2509; x_wconf 83' lang='lat' dir='ltr'><strong>addit</strong></span> <span class='ocrx_word' id='word_1_417' title='bbox 1261 2501 1272 2517; x_wconf 90' lang='lat'>,</span> <span class='ocrx_word' id='word_1_418' title='bbox 1299 2475 1461 2511; x_wconf 80' lang='lat' dir='ltr'><strong>eamdem</strong></span> <span class='ocrx_word' id='word_1_419' title='bbox 1482 2477 1617 2515; x_wconf 80' lang='lat' dir='ltr'><strong>duxisse</strong></span> 
     </span>
     <span class='ocr_line' id='line_1_72' title="bbox 939 2526 1619 2574; baseline 0.012 -15"><span class='ocrx_word' id='word_1_420' title='bbox 939 2526 1130 2560; x_wconf 86' lang='lat' dir='ltr'><strong>mulierum</strong></span> <span class='ocrx_word' id='word_1_421' title='bbox 1147 2528 1287 2561; x_wconf 82' lang='lat' dir='ltr'><strong>turbam</strong></span> <span class='ocrx_word' id='word_1_422' title='bbox 1301 2527 1341 2562; x_wconf 87' lang='lat' dir='ltr'><strong>in</strong></span> <span class='ocrx_word' id='word_1_423' title='bbox 1361 2537 1493 2574; x_wconf 59' lang='grc' dir='ltr'><strong>ωηο,</strong></span> <span class='ocrx_word' id='word_1_424' title='bbox 1519 2539 1556 2566; x_wconf 86' lang='lat' dir='ltr'><strong>et</strong></span> <span class='ocrx_word' id='word_1_425' title='bbox 1571 2532 1619 2567; x_wconf 86' lang='lat' dir='ltr'><strong>ibi</strong></span> 
     </span>
     <span class='ocr_line' id='line_1_73' title="bbox 939 2578 1618 2623; baseline 0.009 -11"><span class='ocrx_word' id='word_1_426' title='bbox 939 2590 1080 2623; x_wconf 88' lang='lat' dir='ltr'><strong>quoque</strong></span> <span class='ocrx_word' id='word_1_427' title='bbox 1094 2578 1199 2612; x_wconf 82' lang='lat' dir='ltr'><strong>verba</strong></span> <span class='ocrx_word' id='word_1_428' title='bbox 1212 2578 1342 2613; x_wconf 80' lang='lat' dir='ltr'><strong>secisse.</strong></span> <span class='ocrx_word' id='word_1_429' title='bbox 1354 2579 1398 2614; x_wconf 77' lang='lat' dir='ltr'><strong>ln</strong></span> <span class='ocrx_word' id='word_1_430' title='bbox 1414 2580 1618 2618; x_wconf 82' lang='lat' dir='ltr'><strong>Antemna-</strong></span> 
     </span>
     <span class='ocr_line' id='line_1_74' title="bbox 939 2630 1621 2681; baseline 0.01 -17"><span class='ocrx_word' id='word_1_431' title='bbox 939 2631 1030 2665; x_wconf 82' lang='lat' dir='ltr'><strong>tium</strong></span> <span class='ocrx_word' id='word_1_432' title='bbox 1043 2643 1143 2666; x_wconf 82' lang='lat' dir='ltr'><strong>causa</strong></span> <span class='ocrx_word' id='word_1_433' title='bbox 1156 2630 1230 2666; x_wconf 82' lang='lat' dir='ltr'><strong>Liv.</strong></span> <span class='ocrx_word' id='word_1_434' title='bbox 1242 2632 1273 2675; x_wconf 86' lang='lat'><strong>1,</strong></span> <span class='ocrx_word' id='word_1_435' title='bbox 1289 2645 1302 2666; x_wconf 87' lang='grc' dir='ltr'>ι</span> <span class='ocrx_word' id='word_1_436' title='bbox 1312 2645 1342 2675; x_wconf 82' lang='grc' dir='ltr'><strong>ι,</strong></span> <span class='ocrx_word' id='word_1_437' title='bbox 1351 2633 1385 2667; x_wconf 88' lang='lat' dir='ltr'><strong>ei</strong></span> <span class='ocrx_word' id='word_1_438' title='bbox 1395 2642 1508 2678; x_wconf 85' lang='lat' dir='ltr'><strong>partes</strong></span> <span class='ocrx_word' id='word_1_439' title='bbox 1515 2649 1621 2681; x_wconf 87' lang='lat' dir='ltr'><strong>quas-</strong></span> 
     </span>
     <span class='ocr_line' id='line_1_75' title="bbox 941 2683 1621 2723; baseline 0.01 -6"><span class='ocrx_word' id='word_1_440' title='bbox 941 2683 1022 2718; x_wconf 89' lang='lat' dir='ltr'><strong>dam</strong></span> <span class='ocrx_word' id='word_1_441' title='bbox 1046 2683 1115 2717; x_wconf 84' lang='lat' dir='ltr'><strong>dat.</strong></span> <span class='ocrx_word' id='word_1_442' title='bbox 1128 2701 1174 2711; x_wconf 85' lang='lat'><strong>—</strong></span> <span class='ocrx_word' id='word_1_443' title='bbox 1190 2685 1368 2720; x_wconf 54' lang='lat' dir='ltr'><strong>&amp;xmae</strong></span> <span class='ocrx_word' id='word_1_444' title='bbox 1387 2687 1457 2722; x_wconf 81' lang='lat' dir='ltr'><strong>scil.</strong></span> <span class='ocrx_word' id='word_1_445' title='bbox 1474 2701 1621 2723; x_wconf 86' lang='lat' dir='ltr'><strong>nomen.</strong></span> 
     </span>
     <span class='ocr_line' id='line_1_76' title="bbox 940 2736 1619 2784; baseline 0.012 -17"><span class='ocrx_word' id='word_1_446' title='bbox 940 2752 984 2760; x_wconf 94' lang='lat'><em>-</em></span> <span class='ocrx_word' id='word_1_447' title='bbox 1001 2736 1105 2769; x_wconf 69' lang='lat' dir='ltr'><strong>lente</strong></span> <span class='ocrx_word' id='word_1_448' title='bbox 1122 2739 1205 2779; x_wconf 75' lang='lat' dir='ltr'><strong>pie,</strong></span> <span class='ocrx_word' id='word_1_449' title='bbox 1230 2749 1316 2780; x_wconf 83' lang='lat' dir='ltr'><strong>quas</strong></span> <span class='ocrx_word' id='word_1_450' title='bbox 1336 2738 1443 2783; x_wconf 77' lang='lat' dir='ltr'><strong>pietas</strong></span> <span class='ocrx_word' id='word_1_451' title='bbox 1459 2752 1557 2784; x_wconf 78' lang='lat' dir='ltr'><strong>aequa</strong></span> <span class='ocrx_word' id='word_1_452' title='bbox 1582 2742 1619 2775; x_wconf 89' lang='lat' dir='ltr'><strong>in</strong></span> 
     </span>
    </p>
   </div>
  </div>
 </body>
</html>
