1826 3054
516 280 920 325 FASTORUM
961 282 1095 325 LIB.
1138 283 1228 326 VI.

171 375 255 422 Sus
277 386 367 423 erat
387 375 431 422 in
455 375 626 441 pretim
651 393 757 423 caesa
781 393 859 423 sue
880 375 988 423 festa
1015 373 1247 424 colebant:

233 452 365 499 Terra
384 450 506 498 fabas
534 462 702 502 tantum
718 488 730 507 ‚
757 450 951 517 duraque
975 451 1087 498 sarra
1110 451 1256 499 dabat.

171 526 281 589 Quae
305 527 393 573 duo
415 526 547 574 mixta
571 526 700 574 simul
724 527 857 574 sextis
882 527 1144 592 quicumque
1166 526 1376 576 Kalendis

234 602 412 659 Ederit;
434 602 538 650 huic
554 601 657 657 ,laedi
683 602 846 651 viscera
867 620 998 668 posse
1021 614 1195 664 negant.

170 677 282 724 Arce
306 696 483 743 quoque
502 678 548 724 in
573 697 739 726 summa
763 677 929 726 Junoni
955 677 1115 744 templa
1137 679 1329 726 Monetae

233 754 300 799 Ex
323 764 427 800 voto
451 765 694 801 memorant
715 753 853 812 facta,
882 753 1087 810 Camille‚
1113 765 1205 801 tuo.

168 829 285 876 Ante
310 829 467 877 domus
493 829 637 877 Manli
661 828 858 888 fuerant,
890 830 967 896 qui
993 828 1147 892 gallica
1170 829 1392 895 quondam

166 958 299 990 stlitlere
315 969 447 991 merces
456 963 548 991 terra
561 956 687 991 dicitur
699 957 755 991 ubi
767 969 842 990 ma-

167 1021 256 1054 gnus
272 1021 393 1043 earum
415 1015 614 1053 proventus.
635 1008 843 1042 Taubnerus

167 1067 296 1094 terram
311 1061 507 1094 universam
524 1060 684 1105 intelligit
697 1085 706 1102 ‚
725 1066 763 1094 ut
778 1059 845 1094 hoc

170 1112 337 1146 innuatur
349 1138 358 1155 ,
378 1111 530 1156 undique
545 1125 563 1145 a
580 1111 761 1146 luxuriosis
774 1111 844 1145 Ro-

169 1165 282 1199 manis
298 1165 455 1209 conquiri
471 1164 606 1199 delicias
624 1177 632 1198 :
647 1163 705 1198 sed
724 1163 845 1197 Hein-

170 1216 220 1250 sio
236 1223 270 1250 et
291 1216 500 1250 But-manno
515 1219 548 1251 ro*
564 1218 662 1249 tellus
679 1215 726 1250 sic
742 1216 843 1250 abso-

169 1268 242 1302 lute
259 1268 410 1313 positum
438 1267 644 1312 displicebat.
664 1267 725 1301 Ille
740 1267 845 1312 igitur

167 1333 230 1365 pro
239 1328 317 1354 aule
327 1320 486 1362 malebat,
498 1326 556 1353 aut
565 1318 662 1363 ⁴Asmt
672 1318 725 1353 vel
737 1320 825 1352 Inda
833 1345 842 1360 ‚

171 1379 229 1406 aut
241 1384 320 1406 cum
331 1371 439 1406 altero
448 1372 607 1406 Puteano
615 1377 687 1405 ade
695 1397 703 1410 ,
720 1377 760 1404 ut
771 1370 840 1404 leo-

170 1437 231 1458 nes
245 1450 255 1466 ‚
283 1423 460 1468 pantherae
472 1448 482 1465 ,
511 1421 685 1467 elephanti
709 1421 845 1456 intelli-

170 1483 296 1521 gantur
313 1476 464 1510 Romam
476 1474 518 1509 ad
533 1475 725 1520 spectacula
741 1474 845 1509 missi.

169 1529 393 1563 Burmannus
410 1540 492 1561 vero
513 1534 604 1561 recte
617 1534 758 1570 monet,
771 1540 845 1561 non

168 1579 212 1614 de
238 1579 459 1625 spectaculis,
480 1577 539 1613 sed
557 1579 600 1613 de
622 1578 750 1613 deliciis
773 1592 845 1624 gu-

168 1634 290 1668 lonum
303 1645 503 1667 sermonem
518 1645 589 1666 esse
603 1646 610 1672 ;
626 1631 655 1666 si
668 1631 745 1676 quis
754 1632 846 1675 Afra

168 1686 328 1732 praeserat
342 1712 351 1730 ,
371 1698 468 1731 posse
481 1685 524 1720 de
543 1685 675 1731 gallinis
687 1685 845 1720 africanis

169 1740 242 1784 capi
254 1754 263 1778 ·,
274 1739 442 1773 Horatius
453 1764 462 1781 ,
480 1737 592 1784 Epod.
607 1738 644 1773 11
657 1763 667 1780 ,
683 1737 724 1773 53
742 1750 750 1772 z
769 1740 854 1772 Non*

169 1791 260 1834 Afra
265 1795 338 1826 avis
345 1792 525 1825 descendat
531 1795 566 1824 ln
572 1796 716 1825 ventrem
723 1803 828 1824 meum
833 1802 845 1825 .’

170 1842 258 1887 (ipse
272 1842 496 1877 Burmannus
506 1841 628 1876 suadet
638 1854 646 1876 :
658 1844 729 1876 Nec
738 1843 847 1876 Delus

169 1906 273 1937 capos
286 1897 422 1928 miserat
430 1893 604 1937 anic-firm·
618 1905 629 1934 ,·
645 1893 760 1937 )circa
773 1895 847 1928 De-

170 1949 279 1980 liacos
286 1959 387 1990 capos
399 1945 501 1980 fuisse,
512 1946 701 1980 maximum
711 1945 852 1988 luxum,-

171 1998 329 2042 cognosci
343 2009 384 2032 ex
394 1997 538 2031 Petron.
555 1996 596 2030 23
607 2010 615 2036 ;
637 2009 694 2031 eos
705 1996 772 2031 dici
781 2010 849 2031 an-

170 2051 303 2094 teseros
312 2075 320 2087 ,
343 2049 423 2093 quia
434 2075 444 2090 ‚
458 2055 645 2092 antequam
654 2055 844 2083 castraren-

172 2108 230 2136 tur
243 2127 252 2143 ‚
269 2102 400 2135 seroces
414 2107 449 2134 et
464 2112 636 2145 pugnaces
658 2099 757 2134 electi
779 2099 849 2134 sint

172 2167 192 2188 a
209 2153 377 2191 Deliacis;
393 2151 587 2186 Columella
600 2151 695 2186 Vlll
708 2177 718 2193 ,
738 2151 848 2192 used

171 2218 269 2252 posse
288 2211 323 2239 et
339 2204 404 2249 legi
418 2209 490 2238 arte
492 2204 612 2247 serat.
626 2203 705 2248 quia
715 2229 724 2245 ,
739 2215 848 2247 quum

171 2257 283 2292 insula
292 2256 416 2291 sterilis
431 2262 465 2289 et
475 2267 589 2289 saxosa
600 2253 705 2288 suerit
718 2253 824 2288 Delos
835 2280 844 2298 ,

174 2318 245 2345 arte
262 2309 326 2343 hac
341 2307 511 2342 castrandi
523 2306 627 2351 gallos
640 2305 791 2341 reditum
802 2306 850 2341 si·

174 2361 208 2395 bi
225 2360 355 2396 fecerit.

222 2424 291 2458 ¹79·
307 2412 379 2446 Pro
395 2412 551 2445 colebant
567 2410 763 2452 Puteanus,
781 2423 849 2444 ca-

175 2465 290 2496 rebant
299 2475 309 2495 .·
318 2461 398 2496 inde
411 2463 636 2497 Burmannus
644 2460 784 2504 conjicit
794 2473 849 2494 ca-

174 2513 392 2558 lebanl.quod
401 2521 488 2548 esset
498 2513 635 2558 elegans
647 2512 848 2546 admodum.

180 2565 355 2611 Equidem
370 2566 439 2600 scio
450 2568 599 2600 calentes
606 2578 687 2598 aras
701 2576 790 2609 saepe
802 2564 851 2598 le-

179 2620 209 2664 gi
225 2612 316 2663 apud
331 2624 446 2663 poetas
459 2631 468 2659 3
488 2629 610 2651 verum
620 2616 719 2660 sesto
734 2618 850 2652 calen-

177 2674 227 2704 a‘a
238 2682 298 2704 sue
319 2669 404 2704 mihi
419 2668 643 2704 durissimum
659 2667 851 2701 videtur.—

178 2722 231 2756 De
240 2721 338 2766 fhbis
351 2721 482 2756 Plinius
495 2746 504 2764 ,
521 2720 647 2755 XVIII
663 2745 673 2763 ,
694 2732 778 2752 122«
795 2720 851 2753 ln-

179 2790 195 2804 »
213 2781 266 2808 ter
282 2772 458 2818 legumina
476 2772 644 2806 maximus
663 2771 774 2805 honos
789 2769 849 2804 fa-

304 2840 395 2885 VJ.

1525 844 1587 888 185

909 971 927 986 »
942 957 995 990 bae
1020 969 1028 990 :
1056 958 1182 1002 quippe
1208 970 1248 991 ex
1274 970 1340 1002 qua
1369 964 1519 994 tentatus
1542 961 1587 994 sit

910 1023 928 1038 >1
943 1009 1049 1042 etiam
1064 1010 1172 1054 panis.
1191 1009 1405 1044 Lomentum
1427 1011 1585 1057 appella-

911 1074 928 1090 n
945 1067 1002 1094 tur
1012 1060 1122 1094 farina
1132 1073 1171 1095 ea
1182 1087 1191 1102 ,
1204 1069 1478 1106 aggravaturque
1496 1075 1587 1108 pon—

911 1126 928 1142 »
945 1112 1010 1147 dus
1031 1113 1131 1148 illa...
1159 1113 1356 1148 Frumento
1381 1115 1487 1149 etiam
1510 1116 1587 1150 mi-

912 1179 929 1195 »
946 1172 1061 1200 scetur
1085 1165 1175 1210 apud
1209 1167 1388 1212 plerasque
1416 1175 1565 1212 gentes..
1578 1195 1586 1202 .

912 1231 929 1246 »
950 1216 1048 1261 Quin
1072 1224 1107 1252 et
1132 1217 1244 1262 prisco
1268 1219 1338 1253 ritu
1361 1219 1491 1255 sabacia
1514 1233 1586 1255 suae

912 1282 930 1298 »
945 1268 1121 1314 religionis
1136 1268 1199 1304 diis
1209 1270 1244 1303 in
1255 1282 1352 1304 sacro
1363 1277 1415 1305 est
1426 1297 1436 1314 ,
1455 1284 1586 1316 praeva-

912 1335 929 1350 »ι
944 1320 1018 1355 lens
1033 1320 1243 1365 pulmentari
1262 1321 1350 1355 cibo.
1371 1336 1389 1352 »υ
1411 1340 1456 1348 -
1482 1324 1587 1358 Sexte

910 1372 1085 1412 Kolenda,
1098 1372 1180 1407 sexti
1193 1372 1320 1406 mensis
1329 1372 1399 1407 sive
1410 1373 1434 1407 J
1436 1374 1521 1408 unii.
1530 1375 1591 1411 Sic

911 1430 947 1457 et
964 1427 1082 1457 tertias
1091 1450 1100 1463 ‚
1123 1430 1261 1468 quartas
1275 1425 1450 1459 Kalendas
1464 1438 1588 1461 occur-

910 1488 988 1510 rere
1000 1501 1010 1519 ,
1022 1482 1124 1521 atque
1139 1476 1264 1511 Junias
1278 1475 1383 1511 dictas
1398 1490 1469 1512 esse
1481 1479 1588 1513 etiam

900 1526 1065 1571 saban'as
1083 1528 1245 1573 Neapolis
1258 1535 1391 1564 monet.

950 1593 969 1616 ⁴1
976 1574 1161 1613 835lisdem
1170 1580 1333 1614 Kalendis
1340 1607 1348 1620 ,
1360 1583 1516 1624 templum
1524 1583 1589 1616 Ju-

910 1635 1007 1666 nom&
1019 1632 1162 1667 Moneta·
1171 1634 1372 1667 dedicatum.
1383 1633 1438 1669 De
1451 1628 1494 1669 eo
1503 1642 1590 1669 tem-

910 1683 967 1728 plo
984 1683 1020 1726 1,
1037 1683 1117 1718 638.
1134 1683 1247 1718 Locus
1264 1691 1382 1719 autem
1403 1685 1459 1720 hic
1476 1686 1589 1731 pluri-

910 1747 1010 1769 mum
1024 1734 1107 1769 lucis
1122 1735 1242 1779 accipit
1253 1748 1272 1770 a
1284 1735 1400 1779 Livio,
1417 1737 1489 1772 Vll
1501 1763 1511 1780 ,
1529 1738 1590 1773 28:

910 1800 930 1816 κ
950 1785 1118 1820 Camillus
1128 1786 1292 1832 (dictator
1301 1799 1395 1821 anno
1406 1800 1440 1822 u.
1455 1801 1484 1822 c.
1499 1789 1565 1834 409
1577 1814 1587 1831 ,

911 1851 929 1867 ιι
947 1837 983 1871 in
1000 1837 1091 1872 bello
1107 1850 1188 1872 cum
1206 1838 1400 1881 Auruncis,
1413 1839 1427 1881 )
1439 1837 1588 1874 deorum

914 1903 932 1920 n
951 1901 1089 1934 quoque
1120 1902 1203 1934 opes
1231 1889 1444 1924 adhibendas
1471 1897 1565 1925 ratus
1578 1917 1589 1935 ,

911 1955 930 1971 »
947 1941 1039 1975 inter
1061 1941 1170 1986 ipsam
1191 1941 1454 1976 dimicationem
1476 1942 1589 1976 aedem

915 2007 934 2023 ι»
946 1993 1083 2027 ,Iunoni
1095 1993 1251 2028 Monetae
1261 1993 1356 2027 vovit
1367 2005 1376 2027 t
1387 1993 1593 2038 cujusdam-

912 2059 931 2074 »
946 2051 1049 2079 natus
1073 2045 1144 2079 voti
1165 2057 1275 2089 quum
1298 2045 1408 2079 victor
1434 2045 1587 2080 Romam

913 2109 932 2125 »
949 2096 1145 2131 revertisset
1157 2123 1166 2139 ,
1184 2084 1354 2131 dictatura
1363 2110 1398 2131 se
1407 2096 1588 2131 abdicavit.

913 2160 931 2176 τι
948 2146 1314 2183 Senatusduumviros
1326 2148 1368 2182 ad
1383 2160 1462 2182 eam
1476 2149 1589 2183 aedem

913 2213 931 2228 »
949 2210 1013 2243 pro
1023 2199 1250 2244 amplitudine
1261 2200 1379 2245 populi
1390 2201 1527 2234 romani
1538 2200 1591 2234 sa-

914 2264 931 2281 »
948 2249 1109 2286 ciendam
1136 2252 1246 2285 creari
1273 2252 1383 2296 jussit.
1409 2252 1521 2287 Locus
1551 2253 1589 2287 in

913 2315 932 2332 »
948 2314 1025 2336 arce
1043 2301 1233 2337 destinatus
1244 2328 1254 2346 ,
1272 2315 1349 2348 que
1366 2316 1446 2338 area
1460 2304 1587 2338 aedium

911 2366 929 2382 »
948 2352 1001 2386 M.
1018 2352 1142 2386 Manlii
1159 2351 1349 2398 Capitolini
1365 2354 1487 2390 suerat.
1506 2369 1525 2384 ’ν
1543 2372 1589 2381 —

912 2404 1021 2439 Recte
1053 2411 1171 2438 autem
1202 2406 1363 2450 Neapolis
1390 2419 1434 2441 ex
1459 2418 1591 2441 summa

911 2456 1080 2498 correxit,
1098 2463 1138 2490 ut
1156 2455 1283 2490 editur.

959 2509 1028 2543 185.
1054 2508 1110 2543 De
1129 2509 1178 2541 M.
1195 2509 1325 2543 Manlia
1344 2522 1401 2544 res
1412 2513 1508 2546 nota.
1530 2513 1588 2550 De

912 2559 1136 2595 damnatione
1161 2560 1237 2604 ejus
1259 2560 1397 2605 Livius,
1420 2562 1473 2597 VI
1485 2589 1496 2607 ,
1517 2578 1560 2600 20
1579 2577 1588 2600 :

914 2628 931 2644 α
953 2613 1103 2647 Tribuni
1117 2612 1161 2647 de
1171 2625 1252 2647 saxo
1262 2613 1414 2659 Tarpeio
1426 2626 1508 2651 eum
1526 2618 1591 2653 de·-

914 2679 932 2696 »
947 2666 1108 2710 jecerunt
1126 2679 1134 2700 z
1161 2666 1321 2711 locusque
1342 2667 1437 2702 idem
1460 2669 1495 2704 in
1514 2683 1588 2705 uno

913 2731 933 2748 »
949 2717 1093 2751 bomine
1110 2723 1146 2751 et
1161 2717 1294 2753 eximiae
1312 2718 1430 2763 gloriae
1449 2732 1587 2755 monu—

914 2784 931 2799 >›
949 2777 1109 2804 mentum
1127 2795 1137 2813 ‚
1166 2776 1203 2805 et
1225 2782 1335 2815 poenae
1359 2772 1490 2808 ultimae
1510 2772 1586 2808 suit.

1352 2838 1408 2879 26
