1826 3054
568 199 638 243 IN
675 199 924 243 OVIDII
962 199 1260 243 FASTOS.
1542 199 1628 242 503

204 291 451 349 Porsenna,
473 290 566 339 Liv.
588 291 676 349 ΙΙΙ,
698 289 783 346 65;
804 290 883 347 IV,
914 307 992 356 173
1012 289 1079 347 II,
1107 291 1212 356 19),
1238 301 1329 338 tum
1353 291 1436 339 diis
1454 290 1631 339 inferio-

205 368 327 415 ribus
347 378 391 415 et
419 366 670 414 domesticis
695 364 925 423 tribuitur,
953 377 996 414 et
1024 384 1204 432 prorsus
1229 367 1493 434 respondere
1514 367 1631 415 vide-

207 458 279 494 tur
304 456 357 508 τῷ
373 455 474 510 ἥρως
498 445 741 511 priscorum
764 444 1017 493 Graecorum
1032 482 1044 501 ,
1070 444 1193 510 quod
1221 456 1343 493 aetate
1368 446 1600 493 Homerica
1616 483 1627 502 ‚

207 534 413 590 tanquam
455 521 686 589 epitheton
731 520 1052 578 honorificum,
1085 521 1190 569 viris
1232 521 1360 570 claris
1407 521 1634 580 veniebat,

205 610 359 665 postea
381 598 435 647 de
453 597 716 646 hominibus
738 597 888 645 divino
906 597 1076 645 honore
1102 596 1240 645 auctis
1259 596 1486 645 dicebatur
1506 618 1516 645 :
1537 598 1636 645 vide

206 675 337 727 Schn.
364 675 408 722 h.
433 695 473 723 v.
500 674 552 722 de
575 675 724 724 herois
748 675 944 723 notione.
971 677 1035 723 Ut
1058 694 1194 743 porro
1220 684 1340 740 ἥρωες
1366 680 1562 740 ἐπιχώριοι
1589 676 1634 723 in

209 754 400 811 Graecia,
424 754 471 801 id
494 765 584 811 est,
609 753 688 802 viri
712 753 933 802 demortui
962 765 1006 802 et
1030 754 1085 803 de
1107 755 1282 803 civitate
1305 774 1381 804 sua
1400 755 1515 804 bene
1538 773 1632 803 me—

203 830 278 879 riti
302 849 389 878 una
409 849 579 897 semper
597 850 696 879 cum
714 830 797 878 diis
817 830 1066 880 domesticis
1089 830 1178 880 coli
1198 831 1423 890 solebant,
1440 832 1502 880 ita
1517 832 1635 899 apud

204 910 431 956 Romanos
465 919 648 975 quaequ'e
684 909 835 958 civitas
854 946 867 966 ‚
900 929 1007 972 gens
1041 921 1084 958 et
1116 909 1278 959 familia
1312 911 1517 979 proprios
1549 911 1635 960 sibi

204 986 399 1036 habebat
422 989 579 1044 Lares,
605 987 659 1035 ad
684 1007 799 1053 quos
824 999 916 1036 tum
940 987 1022 1036 viri
1046 988 1234 1037 civitatis
1257 988 1505 1056 principes,
1538 1001 1632 1038 tum

206 1063 477 1126 singularum
504 1065 701 1127 gentium
723 1076 868 1130 patres
888 1101 900 1121 ,
928 1063 1090 1130 quibus
1119 1065 1185 1113 vis
1215 1064 1360 1132 aliqua
1391 1065 1435 1112 in
1465 1065 1635 1113 samiliae

207 1141 391 1190 salutem
416 1141 719 1197 tn‘buebatur‚
752 1142 1043 1208 pertinebant.
1079 1142 1262 1191 Plautus
1283 1163 1294 1191 ε
1314 1143 1412 1210 Ego
1434 1163 1520 1192 sum
1543 1145 1637 1192 Lar

190 1216 416 1283 fmniliank
436 1236 492 1266 ex
513 1217 592 1266 hac
598 1219 770 1284 familia
790 1257 800 1267 .
822 1257 831 1267 .
850 1258 859 1267 .
867 1219 1126 1287 smm'lioeque
1155 1219 1250 1268 Lar
1266 1229 1400 1285 pater.
1432 1220 1629 1287 Amphit.

207 1293 379 1360 prolog.
403 1312 431 1342 2
448 1314 458 1352 ;
478 1297 614 1344 Merc.
639 1298 692 1354 V,
711 1309 727 1344 Ι
743 1334 755 1353 ,
782 1298 823 1344 5.
846 1297 957 1346 Post
977 1297 1239 1363 apotheosin
1259 1297 1417 1356 Caesar,
1437 1309 1481 1346 et
1500 1299 1634 1346 Octa-

206 1370 360 1418 vianus
386 1388 439 1421 ex
465 1372 643 1420 urbium
670 1371 925 1421 adulatione
954 1374 1041 1437 jam
1075 1372 1167 1439 718
1191 1384 1295 1439 post
1327 1373 1445 1420 Sext.
1476 1374 1631 1439 Pomp.

204 1446 367 1494 victum
381 1447 435 1495 iis
449 1447 588 1497 additi
603 1461 707 1498 sunt
719 1488 730 1506 ,
755 1450 879 1516 quod
893 1451 1003 1502 Hor.
1021 1451 1100 1509 IV,
1119 1463 1167 1510 V,
1183 1449 1267 1508 33,
1291 1450 1478 1499 heroum
1494 1448 1630 1498 cultui

204 1525 251 1572 in
275 1525 441 1576 Graecia
462 1541 701 1594 comparat.

268 1604 338 1652 De
348 1605 632 1671 publicorum
646 1607 825 1655 Larium
843 1618 980 1655 matre
994 1608 1127 1666 Lara,
1143 1607 1349 1656 Larunda
1361 1645 1372 1665 ‚
1391 1607 1468 1655 dea
1484 1608 1610 1655 Muta
1622 1644 1634 1662 ,

206 1681 342 1729 Mana
358 1720 370 1739 ‚
394 1683 528 1731 Mana
545 1684 711 1733 Geneta
735 1695 814 1732 etc.
840 1684 1028 1750 denique
1042 1683 1095 1732 de
1109 1684 1322 1732 Manibus
1335 1721 1346 1742 ,
1367 1684 1606 1732 Summano
1621 1722 1631 1739 ‚

205 1758 469 1808 Lemuribus
495 1772 540 1809 et
561 1762 742 1821 Larvis,
765 1761 1015 1829 exponendi
1047 1761 1320 1810 occasionem
1352 1761 1503 1810 Ovidii
1537 1761 1635 1810 loca

206 1835 481 1900 praebebunt.

273 1913 487 1977 Quaedam
505 1915 663 1964 addere
683 1915 810 1964 liceat
829 1915 883 1965 de
904 1915 1084 1965 aliarum
1102 1916 1260 1964 veteris
1276 1916 1413 1965 Italiae
1432 1917 1628 1980 gentium

210 1990 294 2039 diis
323 2004 368 2040 et
390 1992 680 2055 religionibus
703 1995 982 2052 domesticis,
1016 2014 1112 2061 quae
1132 1993 1234 2061 plus
1259 1994 1458 2044 minusve
1480 2008 1631 2062 postea

209 2071 398 2118 Romam
420 2071 549 2119 etiam
569 2071 827 2134 migrarunt.
850 2073 916 2120 lta
938 2073 1222 2138 potissimum
1237 2074 1420 2132 Satrici,
1446 2074 1635 2123 Volsco-

208 2168 306 2195 rum
331 2150 441 2197 urbe
456 2187 468 2206 ,
500 2161 693 2197 sanctam
720 2149 903 2198 Matutae
928 2151 1080 2198 matris
1108 2151 1243 2200 fuisse
1274 2151 1530 2215 religionem
1554 2153 1634 2200 Li-

208 2228 304 2276 vius
322 2228 445 2292 (V1,
466 2226 554 2285 333
578 2229 691 2285 Vll,
710 2245 767 2294 27
789 2247 799 2285 ;
819 2230 1042 2286 XXVIII,
1070 2247 1086 2275 1
1102 2229 1156 2294 1)
1176 2230 1319 2278 tradit.
1338 2231 1454 2279 Satis
1472 2243 1629 2279 notum

209 2318 275 2354 est
287 2344 299 2365 ,
325 2307 412 2355 hoc
433 2324 596 2355 numen
612 2325 695 2373 pro
707 2306 942 2355 Leucothea
964 2307 1219 2356 Graecorum
1237 2327 1405 2375 semper
1425 2309 1628 2357 habitum

210 2405 314 2435 esse.
338 2388 501 2437 Veram
538 2398 683 2436 autem
711 2386 844 2451 hujus
874 2386 987 2444 deae,
1027 2406 1123 2453 quae
1153 2387 1208 2436 ad
1238 2388 1428 2455 priscam
1460 2387 1633 2437 Italiam

211 2476 403 2530 spectat,
428 2464 658 2512 notionem
686 2475 910 2513 assecutus
940 2468 1039 2513 esse
1056 2465 1235 2522 videor,
1270 2466 1307 2514 si
1342 2466 1397 2514 ab
1426 2465 1632 2514 Lucretio

213 2540 406 2590 eamdem
430 2542 575 2607 prisco
606 2539 683 2588 illo
714 2559 845 2590 sensu
874 2541 930 2589 ab
964 2541 1301 2607 interpolatione
1328 2561 1464 2606 graeca
1492 2541 1633 2591 libero

213 2618 459 2667 abhibitam
479 2619 606 2667 video
628 2637 638 2676 ;
665 2618 719 2667 de
740 2637 886 2668 rerum
913 2619 1098 2677 Natura,
1124 2617 1241 2668 libro
1264 2621 1335 2678 V,
1367 2637 1477 2668 vers.
1511 2618 1631 2675 655,

218 2694 294 2742 ubi
318 2695 376 2743 ita
398 2696 516 2744 canit
538 2695 612 2745 ille
635 2696 754 2744 vates
772 2715 782 2743 :
