1826 3054
261 251 349 294 510
778 248 1167 295 EXCURSUS

258 339 395 391 larem
418 341 650 409 ponimus,
675 339 729 390 de
749 341 967 391 mensium
987 359 1172 390 numero
1190 353 1236 391 et
1255 341 1424 392 ratione
1446 342 1681 395 difficultas

259 419 413 469 oritur.

320 500 379 547 11.
403 499 542 547 Fuere
562 498 651 564 jam
673 497 789 547 inter
809 509 999 556 veteres,
1022 498 1099 565 qui
1125 517 1297 548 omnem
1314 499 1427 548 hanc
1453 500 1506 549 de
1532 500 1681 551 decem

247 577 482 628 mensibus
515 576 673 626 famam
705 588 916 641 negarent
932 614 946 635 ‚
971 588 1014 626 et
1042 577 1223 627 nonnisi
1249 596 1302 627 ex
1331 580 1680 646 antiquariorum

256 655 652 723 conjectationibus
666 693 679 714 ,
717 654 837 722 quod
868 654 1109 719 Quinctilis
1146 667 1192 705 et
1233 655 1408 706 Sextilis
1444 677 1468 706 a
1499 676 1682 707 numero

256 733 362 783 dicti
386 728 559 792 essent,
593 744 735 782 ortam
762 751 856 782 esse
881 732 1138 782 scriberent.
1159 735 1226 782 lta
1247 733 1443 784 Licinius
1466 736 1617 785 Macer
1637 748 1682 784 et

254 810 501 860 Fenestella
519 810 639 878 apud
661 810 790 858 Ceus.
810 846 823 867 ‚
841 820 888 858 et
901 827 924 857 e
942 822 1101 859 recent.
1125 809 1284 875 Scalig.
1305 811 1472 861 emend.
1495 824 1677 880 tempor.

260 889 305 937 ΙΙ
323 927 335 947 ,
361 908 405 956 p.
441 905 527 955 172
543 924 556 945 ,
582 886 776 953 ejusdem
789 887 1014 936 sententiae
1029 907 1076 937 se
1094 899 1332 955 patronum
1348 888 1525 938 obtulit.
1551 892 1683 939 Eam-

258 965 355 1014 dem
380 965 468 1014 fere
497 963 631 1032 paulo
658 976 802 1013 tamen
832 964 1106 1014 immutatam
1141 965 1422 1034 amplectitur
1458 966 1679 1017 Plutarch.

261 1045 469 1108 (Numa,
492 1043 674 1100 XVIII,
699 1045 737 1105 §.
770 1061 787 1091 1
812 1054 857 1091 et
877 1044 959 1109 2),
984 1042 1217 1094 duodecim
1238 1064 1408 1095 menses
1440 1048 1681 1114 accipiens,

258 1140 450 1188 quorum
468 1120 661 1187 primum
685 1118 833 1170 locum
856 1120 1074 1180 Martius,
1107 1122 1387 1173 undecimum
1410 1136 1455 1173 et
1473 1124 1683 1175 duodeci-

254 1217 375 1248 mum
388 1198 628 1247 Januarius
641 1209 685 1246 et
698 1198 964 1249 Februarius
980 1213 1246 1268 occuparent
1261 1221 1272 1259 ;
1289 1201 1349 1251 ita
1368 1213 1512 1253 tamen
1531 1204 1681 1271 quoad

258 1278 427 1327 dierum
449 1277 649 1327 ordinem
671 1277 934 1345 dispositos,
960 1289 1012 1327 ut
1032 1278 1118 1327 sibi
1142 1278 1330 1346 impares
1352 1279 1463 1330 alius
1487 1299 1542 1329 ne
1566 1281 1682 1330 vice-

256 1376 340 1407 nos
364 1356 568 1424 quidem,
592 1355 705 1405 alius
730 1354 842 1405 ultra
868 1356 1047 1420 triginta
1072 1369 1265 1425 quatuor
1287 1358 1380 1409 dies
1401 1358 1608 1417 haberet3
1636 1361 1679 1408 in

258 1453 350 1501 quo
376 1433 532 1482 ordine
559 1433 647 1481 boc
670 1451 808 1481 unum
830 1444 1125 1501 spectaretur,
1154 1447 1206 1483 ut
1226 1454 1370 1484 annus
1393 1436 1488 1485 360
1506 1436 1679 1485 ‘dierum

256 1511 472 1561 existeret.
506 1539 559 1548 —
588 1510 676 1560 Sed
706 1510 789 1560 hac
812 1511 943 1560 etiam
966 1512 1136 1560 ratione
1161 1525 1369 1562 constans
1400 1512 1579 1581 reliqua!
1601 1534 1682 1563 an-

258 1589 479 1657 tiquitatis
502 1590 616 1639 sama
637 1588 904 1655 negligitur,
930 1601 975 1639 et
1008 1590 1087 1639 viae
1117 1591 1358 1657 quaerendae
1393 1603 1542 1650 erant,
1569 1612 1682 1659 quo-

255 1666 395 1716 modo
409 1666 558 1716 decem
570 1685 742 1718 menses
759 1667 804 1716 in
821 1686 940 1717 anno
957 1666 1091 1735 pleno
1109 1666 1242 1717 solari
1262 1667 1466 1735 explicari
1485 1681 1677 1736 possent.

324 1745 404 1792 Ill.
433 1744 477 1792 A
500 1742 740 1793 Plutarcho
765 1744 901 1808 igitur
924 1744 1083 1794 ductus
1114 1745 1318 1795 Petavius
1341 1763 1502 1794 annum
1526 1745 1680 1810 accipit

258 1821 488 1872 mensibus
506 1821 752 1890 imparibus
774 1823 1056 1882 distinctum,
1083 1822 1159 1873 sed
1180 1823 1327 1872 decem
1351 1823 1682 1878 tantummodo,

254 1902 316 1950 ita
340 1911 387 1950 ut
410 1901 532 1951 modo
554 1902 777 1969 longiores,
820 1901 942 1951 modo
969 1902 1165 1951 bmw'ores
1182 1941 1193 1958 ,
1226 1914 1368 1951 tamen
1390 1902 1556 1968 justum
1578 1902 1681 1951 anni

258 1980 450 2047 spatium
470 1978 726 2048 implerent3
744 1991 790 2029 et
803 1980 893 2029 sere
908 1979 1109 2030 similiter
1122 1979 1264 2030 Illust.
1282 1980 1486 2031 Bredow.
1509 1980 1591 2029 loc.
1608 1982 1679 2030 cit.

258 2056 393 2107 sentit
402 2075 636 2106 numerum
655 2057 817 2107 denum
833 2096 846 2116 ,
875 2070 1082 2126 tanquam
1101 2059 1315 2109 Romanis
1332 2071 1376 2108 et
1392 2058 1498 2108 alibi
1521 2058 1682 2108 solem-

258 2154 384 2194 nem,
407 2134 463 2184 ad
493 2134 607 2183 banc
640 2136 745 2184 anni
781 2135 1044 2187 divisionem
1070 2137 1117 2186 in
1140 2138 1287 2187 decem
1311 2150 1482 2205 partes,
1514 2158 1539 2188 a
1569 2137 1683 2187 tunae

259 2225 384 2263 motu
408 2213 571 2263 alienas
583 2251 596 2272 ,
608 2212 777 2280 sedfire
792 2234 1006 2283 suppares,
1025 2215 1274 2265 adhibitum
1287 2235 1392 2266 esse.
1414 2216 1586 2267 Laudas
1605 2218 1683 2264 vir

260 2290 328 2340 Cl.
350 2290 461 2341 alios
478 2291 608 2341 etiam
626 2290 821 2360 populos
841 2293 1025 2359 (confer
1047 2294 1175 2344 etiam
1198 2295 1383 2344 Putean.
1411 2295 1464 2345 de
1484 2295 1681 2344 bissexto

262 2368 401 2419 Graec.
426 2369 561 2420 Thes.
587 2370 727 2429 V111,
762 2369 917 2438 457),
944 2372 1021 2439 qui
1054 2390 1216 2422 annum
1247 2372 1431 2422 solarem
1462 2372 1507 2421 in
1538 2385 1682 2440 partes

260 2449 397 2498 modo
421 2447 596 2517 plures,
620 2448 756 2498 modo
777 2450 1027 2517 pauciores,
1052 2450 1187 2499 libere
1204 2463 1346 2500 tamen
1365 2470 1389 2499 a
1413 2450 1526 2499 lunae
1550 2470 1680 2500 cursu

263 2526 519 2577 distinctum
542 2526 783 2587 haberent,
810 2546 848 2576 v.
884 2546 918 2577 c.
946 2527 1223 2588 Mexicanos,
1249 2528 1326 2597 qui
1354 2548 1515 2578 aunum
1543 2529 1587 2577 in
1628 2530 1683 2576 18

264 2617 410 2671 partes
428 2604 488 2654 ita
509 2604 773 2665 diviserant,
794 2617 847 2655 ut
863 2606 1026 2674 quaevis
1047 2625 1150 2674 pars
1168 2623 1230 2655 20
1250 2606 1344 2655 dies
1362 2606 1563 2667 haberet,
1590 2606 1618 2653 5
1639 2607 1682 2654 iu

264 2693 360 2731 toto
382 2701 497 2732 anno
522 2695 823 2753 superessent,
846 2695 889 2733 et
909 2683 1048 2733 Indos
1071 2684 1230 2749 (Curt.
1251 2683 1383 2740 Vnt,
1406 2683 1493 2750 9),
1519 2682 1596 2751 qui
1622 2683 1683 2743 24

263 2758 365 2809 anni
379 2772 525 2826 partes
537 2760 760 2812 habebant
774 2782 785 2812 ε
800 2761 965 2830 quibus
977 2762 1135 2812 addere
1152 2761 1279 2812 liceat
1300 2761 1657 2812 Kamcbatkanos
1667 2798 1678 2819 ‚
