1826 3054
256 197 342 240 30⁸

638 199 690 241 P.
730 199 966 246 0V1D11
1007 202 1312 248 NASONIS

317 289 459 356 Inque
482 307 570 339 suae
594 290 745 357 stirpis
769 291 923 341 maluit
944 293 1058 343 urbe
1083 293 1183 343 coli.

257 364 350 415 Cur
372 365 510 429 igitur
530 367 716 416 Veneris
741 368 902 418 festum
928 370 1102 420 Vinalia
1124 370 1295 430 dicant,

321 445 533 510 Quaeritis
547 483 560 503 ‚
584 457 629 495 et
652 465 786 513 quare
811 447 870 495 sit
892 448 1018 496 Jovis
1040 448 1124 498 ista
1143 448 1274 499 dies?

256 525 460 582 Turnus,
485 543 542 573 an
564 525 727 574 AEneas
750 526 886 574 Latiae
909 546 1043 589 gener
1064 540 1177 576 esset
1196 530 1362 578 Amatae
1376 567 1387 586 ‚

319 599 493 649 Bellum
517 613 609 649 erat
628 621 638 649 :
660 603 868 650 Etruscas
889 603 1071 653 Turnus
1095 604 1280 672 adoptat
1303 624 1425 672 opes·
1614 624 1683 658 83.»

256 678 414 729 Clarus
435 690 550 736 erat,
577 679 824 747 sumtisque
846 680 969 730 ferox
994 683 1245 733 Mezentius
1267 685 1398 733 armis
1416 704 1428 743 3

320 760 381 807 Et
404 757 470 807 vel
495 776 611 826 equo
630 778 816 823 magnus
831 797 843 818 ‚
867 760 934 809 vel
957 761 1066 829 pede
1090 763 1231 829 major
1252 775 1356 812 crat.

257 834 404 899 Quem
428 834 587 884 Rutuli
610 836 879 903 Turnusque
903 837 997 886 suis
1019 837 1259 888 adsciscere
1280 851 1450 888 tentant

321 911 534 960 Partibus
554 931 564 959 ε
586 911 678 960 haec
701 924 856 961 contra
881 912 971 961 dux
993 914 1054 962 ita
1077 916 1252 964 Tuscus
1273 916 1361 964 ait:

258 986 357 1035 Stat
380 986 488 1036 mihi
510 1007 605 1036 non
626 1007 760 1055 parvo
785 988 925 1037 virt-us
947 1009 1071 1039 mea:
1093 990 1274 1040 vulnera
1297 1003 1454 1049 testes;

1614 1006 1685 1041 835

323 1064 570 1131 Armaque,
597 1083 694 1131 quae
718 1065 858 1131 sparsi
885 1066 1097 1128 sanguine
1122 1086 1235 1134 saepe
1258 1086 1373 1115 me0.

257 1143 352 1207 Qui
376 1143 490 1210 petis
514 1142 725 1192 auxilium
740 1181 753 1202 ,
778 1163 872 1192 non
895 1145 1078 1207 grandia
1101 1146 1247 1195 divide
1271 1165 1444 1195 mecum

254 1244 348 1289 bylla
360 1241 437 1276 vide
451 1241 493 1276 ad
506 1242 562 1278 Ill
577 1268 586 1286 ,
603 1242 690 1286 5343
706 1242 839 1276 Cumaea
849 1255 937 1277 anus

255 1300 399 1328 vocatur
416 1294 482 1336 lv,
506 1295 575 1329 158-

299 1347 375 1394 879.
401 1344 496 1380 Cum
515 1347 625 1380 AEnea
644 1345 777 1380 advena
794 1345 939 1381 Latinus

257 1410 319 1433 rex
335 1404 472 1432 mature
490 1404 525 1432 et
545 1410 666 1443 pacem
684 1397 796 1442 junxit
809 1404 845 1432 et
861 1397 940 1431 affi-

257 1449 426 1492 nitatem,
454 1447 597 1483 Lavinia
615 1447 684 1483 filia
699 1447 736 1483 in
754 1448 939 1483 matrimo-

256 1500 358 1535 nium
368 1499 457 1535 data.
471 1500 611 1539 Turnus.
629 1499 845 1535 Rutulorum
858 1512 917 1535 rex
928 1526 937 1543 ,

256 1554 312 1590 cui
324 1555 470 1593 Amata,
486 1552 602 1588 Latini
617 1553 746 1597 conjux
759 1579 768 1596 ,
783 1551 937 1595 favebat,

257 1617 421 1652 sponsam
431 1603 493 1640 sibi
507 1611 663 1650 ereptam
679 1603 802 1639 dolens
815 1631 824 1647 ,
843 1617 940 1638 arma

258 1658 384 1693 infesta
398 1658 523 1693 Latino
541 1657 679 1702 intulit,
699 1657 878 1703 victusque
896 1656 939 1691 ad

257 1711 480 1750 blezenu‘nm.
504 1709 732 1744 Etruscorum
747 1721 866 1755 regem
881 1715 941 1744 aut

258 1763 504 1799 Lucumonem
523 1763 536 1806 (
550 1764 715 1812 στρατη-[ὗν
732 1760 941 1797 Plutarchus

241 1823 358 1852 .vocat
378 1815 395 1862 )
419 1815 586 1861 confugit.
614 1814 717 1850 Caere
739 1814 794 1849 ille
821 1815 834 1858 (
855 1813 939 1848 olim

260 1867 409 1916 Agylla)
427 1866 672 1914 imperitabat,
698 1864 827 1914 oppido
846 1863 940 1899 houd

257 1918 363 1966 longe
378 1918 529 1957 aTiberi
540 1917 727 1964 opulento,
743 1917 836 1963 quod
851 1916 941 1952 Dio-

258 1985 336 2021 nys.
352 1972 529 2008 Halicarn.
547 1971 602 2007 ΠΙ
615 1997 625 2014 ,
645 1972 687 2006 58
701 1997 711 2014 ,
729 1974 872 2015 ιῦἡιίμθν
888 1978 942 2007 καὶ

259 2027 483 2075 κοὶυᾶυθρωκον
500 2030 599 2059 vocat
614 2050 623 2066 ,
643 2022 737 2058 unde
755 2022 940 2069 Tarquinii

259 2077 370 2113 Prisci
405 2084 563 2122 tempore
593 2088 742 2121 magnus
771 2075 940 2110 exercitus

258 2129 391 2166 exierit.
414 2127 485 2163 Sed
509 2134 544 2163 et
567 2140 662 2162 nunc¹
681 2140 780 2172 equo.
810 2126 941 2172 equiti-

259 2183 325 2219 bus
334 2208 345 2226 ‚
354 2182 497 2225 etpede.
511 2179 683 2226 peditibus
693 2206 702 2222 ,
714 2179 832 2213 valens
840 2184 914 2212 erat
928 2191 939 2219 ς

259 2233 353 2271 cons.
370 2232 457 2267 Livii
477 2232 492 2267 1
507 2259 517 2274 ,
535 2246 574 2275 ο,
591 2230 699 2276 quiet
715 2231 785 2277 ipse
803 2229 846 2264 de
864 2242 940 2264 ms·

261 2286 337 2334 gnis
361 2284 531 2320 Mezentii
558 2284 680 2330 opibus
709 2282 789 2329 agit.
814 2281 938 2328 virgil.

262 2336 404 2374 AEneid.
423 2335 513 2372 Vln
528 2362 537 2380 ,
556 2336 620 2382 478
636 2349 643 2370 :
662 2350 678 2364 σι
697 2334 789 2370 sno
806 2334 939 2369 incoli-

260 2405 278 2420 ι·
297 2396 354 2425 tur
369 2386 514 2423 fundata
533 2394 670 2422 vetusto
690 2386 798 2422 Urbis
820 2385 937 2433 Agyt-

260 2458 278 2473 ιο
295 2442 375 2478 lina
398 2440 497 2477 sedes
519 2451 527 2474 ε
552 2440 610 2475 ubi
636 2439 728 2488 lydis
757 2437 937 2486 quondam

260 2510 278 2526 υ
295 2495 393 2530 Gens
404 2521 413 2538 ‚
431 2494 522 2529 beno
538 2492 718 2540 preclara,
735 2491 824 2538 jugis
842 2491 938 2526 inse-

260 2561 278 2577 »
294 2546 346 2581 dit
360 2546 522 2580 Etruscis.
541 2545 643 2580 Hanc
662 2543 790 2579 multos
806 2543 940 2579 floren-

260 2612 278 2629 ·
296 2605 367 2633 tem
380 2610 491 2632 annos
500 2609 558 2631 res
569 2595 696 2631 deinde
705 2595 857 2640 superbo
869 2595 936 2630 lm·

261 2664 279 2681 n
294 2648 394 2696 perio
417 2655 452 2683 et
477 2648 574 2683 savis
600 2648 713 2683 tenuit
741 2647 939 2682 Mezentius

261 2715 282 2734 ι
298 2700 413 2737 emis.
426 2713 444 2731 ι
458 2699 539 2735 Vid.
552 2706 587 2734 et
600 2699 744 2746 Dionys.
760 2699 937 2735 usticam.

1004 1244 1041 1286 l,
1060 1244 1104 1288 64
1119 1258 1158 1290 sq
1174 1259 1182 1286 ;
1204 1245 1387 1280 Justinum
1403 1271 1412 1286 ,
1432 1243 1553 1280 xLlu
1566 1272 1575 1288 ,
1600 1258 1625 1279 1.
1642 1263 1684 1270 —

1003 1296 1174 1340 Athletae,
1190 1295 1363 1340 adsciscit,
1378 1296 1441 1331 sibi
1453 1295 1610 1342 adjungit
1623 1323 1633 1338 ‚
1652 1298 1685 1331 vi

1003 1348 1143 1393 propria
1172 1349 1264 1383 vocis
1289 1356 1402 1393 aptam
1418 1377 1426 1385 .
1455 1362 1532 1394 quc
1555 1349 1683 1395 eligere

1004 1398 1186 1443 significat.
1200 1398 1240 1435 ld
1254 1407 1370 1434 autem
1383 1400 1549 1435 Heinsius
1559 1414 1598 1434 ex
1613 1414 1685 1435 uno

1005 1451 1560 1498 Zulichemianoadoptavit.Nam
1569 1454 1685 1488 caeteri

1004 1504 1127 1537 adom!
1141 1502 1304 1538 exhibent
1316 1529 1325 1546 ,
1339 1502 1433 1548 quod
1448 1511 1480 1538 et
1496 1504 1607 1549 ipsum
1621 1503 1686 1538 ser-

1005 1553 1034 1588 ri
1052 1566 1150 1599 posse
1174 1554 1385 1589 Taubnerus
1404 1562 1532 1589 censet.
1559 1554 1685 1589 Eidem

1006 1605 1140 1650 placet,
1170 1606 1263 1653 quod
1285 1606 1460 1641 Junianus
1479 1606 1582 1642 habet
1598 1635 1608 1650 ,
1636 1611 1692 1641 nr!

1004 1672 1087 1704 equo
1098 1661 1243 1699 dubium.
1258 1661 1452 1704 aelflede:—
1461 1660 1494 1694 Τ
1487 1666 1575 1694 estes
1586 1674 1604 1694 a
1617 1673 1686 1694 ma-

1005 1723 1055 1745 nu
1070 1712 1182 1757 prima
1193 1711 1325 1746 Mam.
1338 1718 1372 1745 et
1386 1718 1455 1746 tres
1466 1711 1522 1746 atii
1534 1711 1663 1746 habent
1677 1738 1686 1753 ,

1004 1763 1109 1809 idque
1128 1762 1320 1808 elegantius
1339 1762 1488 1797 Heinsio
1504 1763 1687 1797 videbatur

1005 1814 1144 1860 vulgato
1167 1821 1284 1854 testor,
1308 1812 1404 1859 quod
1436 1813 1688 1849 Mitscberlich.

1006 1867 1179 1902 revocavit
1201 1892 1211 1910 ,
1237 1873 1273 1900 et
1296 1864 1391 1911 quod
1419 1866 1536 1901 minus
1556 1866 1686 1901 durum

1004 1919 1218 1954 Taubnerus
1235 1918 1375 1963 judicat.
1393 1918 1553 1954 Alterum
1571 1919 1687 1955 Hein-

1004 1972 1073 2007 sius
1088 1972 1168 2007 locis
1185 1971 1343 2017 pluribus
1355 1977 1510 2005 testatur.

1050 2024 1123 2069 887.
1152 2022 1330 2058 Memoria
1356 2022 1451 2057 exilis
1475 2021 1526 2057 rei
1551 2030 1685 2056 servata

1005 2083 1055 2111 est
1069 2076 1162 2111 inter
1173 2083 1309 2111 veteres
1319 2102 1328 2119 ,
1342 2074 1402 2110 sed
1415 2075 1518 2110 varie.
1529 2074 1663 2110 Plinius
1675 2102 1683 2117 ,

1007 2127 1108 2171 xlv,
1133 2130 1170 2172 ¹4
1191 2142 1198 2163 :
1222 2143 1238 2157 ιι
1260 2126 1312 2162 Μ.
1330 2127 1445 2162 Varro
1467 2133 1587 2162 suctor
1606 2134 1657 2161 est
1672 2154 1681 2169 ,

1009 2194 1025 2209 ›-
1043 2178 1282 2223 Mezentium,
1303 2178 1453 2213 Etruria
1466 2190 1584 2222 regem
1598 2203 1608 2222 ‚
1626 2191 1682 2212 au·

1007 2246 1024 2260 ι·
1043 2230 1161 2265 silium
1180 2229 1320 2265 Rutulis
1334 2235 1456 2264 contra
1471 2227 1610 2263 Latinos
1625 2236 1682 2263 tu-

1007 2297 1024 2311 ν
1043 2282 1139 2324 iisse,
1158 2281 1229 2316 vini
1244 2279 1425 2323 mercede,
1442 2280 1535 2326 quod
1553 2288 1627 2316 tum
1644 2282 1679 2316 in

1006 2348 1024 2363 ι·
1043 2333 1169 2368 Latino
1185 2344 1268 2379 agro
1285 2330 1415 2367 fuisset.
1434 2347 1450 2361 ι·
1475 2332 1681 2369 Secundum

1005 2385 1045 2420 L.
1059 2384 1235 2420 Cos-rem
1251 2391 1286 2419 et
1300 2384 1341 2419 A.
1356 2384 1562 2419 Postumum
1573 2412 1582 2427 ,
1596 2399 1682 2431 quos

1006 2440 1140 2474 Auctor
1150 2437 1193 2473 de
1211 2437 1311 2482 Orig.
1325 2436 1432 2472 Gent.
1450 2438 1680 2486 Romanum.

1008 2494 1045 2535 14
1061 2503 1123 2537 sqq
1135 2517 1144 2534 ‚
1164 2489 1279 2524 laudat
1293 2516 1302 2533 ‚
1320 2496 1356 2524 et
1370 2490 1564 2526 secundum
1587 2491 1681 2526 Dio-

1004 2544 1163 2590 nysium,
1183 2542 1220 2586 Ι,
1237 2541 1302 2584 65,
1322 2541 1519 2579 Mezentius
1541 2544 1681 2580 Latinos

1005 2594 1139 2630 lavinii
1161 2594 1313 2630 obsessos
1337 2596 1383 2630 ita
1405 2596 1439 2630 in
1463 2595 1681 2632 deditionem

1004 2647 1159 2694 occipere
1172 2647 1299 2691 voluit,
1315 2656 1352 2683 ut
1364 2661 1470 2684 omne
1483 2650 1604 2685 vinnm
1618 2649 1679 2684 La-

1006 2699 1068 2734 tini
1088 2699 1160 2745 egri
1184 2701 1371 2745 quotannis
1393 2701 1456 2735 sibi
1478 2701 1668 2737 inferretur
