1826 3054
509 210 927 274 FAs'roRUM·
962 212 1095 256 Lm.
1137 213 1194 256 v.

1497 216 1580 259 365

227 301 426 350 Perdidit
445 302 675 368 antiquum
696 301 822 351 litera
844 303 987 369 prima
1007 322 1180 352 sonum.

164 382 368 429 Creverat
391 381 652 441 immensum
674 402 683 429 ε
705 380 908 429 comitem
932 381 1021 429 sibi
1042 380 1172 430 Delia
1199 382 1384 431 sumsit:

230 457 310 506 Ille
335 457 423 506 deae
447 469 621 515 custos,
646 458 720 507 ille
742 457 913 506 satelles
936 470 1046 506 erate

162 535 308 582 Verba
330 547 507 583 movent
528 536 615 585 iras
635 555 726 584 non
748 536 1062 601 circumspecta
1086 535 1268 584 deorum
1288 557 1299 585 ε

227 612 373 675 Quam
397 632 609 679 nequeam
628 651 640 670 ‚
666 613 777 661 dixit
792 650 804 670 ‚
829 612 1023 669 vincere,
1047 611 1171 660 nulla
1195 613 1286 662 fera
1309 625 1387 662 est.

1517 628 1583 674 540

160 688 378 755 Scorpion
397 688 579 737 immisit
600 688 753 737 Tellus
772 709 783 737 :
802 689 889 737 fuit
910 689 1102 754 impetus
1123 688 1189 736 illi

226 767 370 815 Curva
393 766 681 834 gemelliparae
705 766 873 834 spicula
894 767 1006 815 serre
1029 767 1130 815 deae.

158 841 354 890 Obstitit
378 843 551 891 Orion:
570 845 741 891 Latona
764 842 1011 891 nitentibus
1035 843 1165 891 astris

222 918 435 976 Addidit;
461 931 505 968 et
521 957 533 976 ‚
560 919 714 968 Meriti
732 919 932 986 praemia,
957 920 1094 978 dixit,
1118 920 1247 969 habe.

158 993 254 1041 SED
276 994 384 1060 quid
406 1006 451 1042 et
476 995 620 1043 Orion
635 1032 647 1052 ,
672 1007 716 1043 et
738 1007 889 1044 caetera
912 996 1054 1044 sidera
1075 996 1243 1044 mundo

160 1100 225 1125 ταν·
243 1090 429 1136 Palaephat.
448 1091 634 1126 Mercurius
655 1095 697 1126 de
714 1099 828 1133 tauro,

157 1156 251 1187 quem
274 1145 435 1178 Hercules
459 1145 473 1187 (
496 1143 587 1179 sorte
606 1146 752 1191 Hyrieus
770 1143 788 1190 )
803 1148 839 1179 ei

157 1198 365 1234 immolarat,
387 1199 512 1230 corium
524 1199 686 1239 protule't,·
710 1197 831 1243 Hygi-

157 1260 223 1281 nus
236 1273 245 1289 ,
266 1247 332 1281 sab.
352 1250 422 1294 ¹95·
443 1247 591 1292 Reliqua
617 1247 713 1282 idem
732 1249 833 1283 Poet.

158 1300 302 1334 Astron.
321 1299 357 1334 11
370 1325 379 1342 ,
398 1299 461 1343 34,
478 1299 621 1334 Pindari
637 1299 833 1346 dithyram-

156 1352 207 1386 bis
225 1352 397 1396 (Strabo,
413 1353 469 1396 X,
498 1366 531 1398 p.
547 1353 660 1395 620),
685 1354 733 1388 sic
749 1367 834 1388 nar-

156 1412 209 1439 rat
223 1418 231 1438 :
243 1419 260 1434 κ
274 1411 310 1438 et
320 1404 415 1449 quod
429 1405 585 1440 fecerant
602 1406 711 1440 urinae
723 1406 758 1440 in
771 1419 834 1441 co-

155 1472 172 1487 »
189 1458 283 1492 rium
301 1458 466 1493 infudisse
485 1485 495 1502 ,
524 1466 560 1493 et
583 1459 619 1493 id
644 1460 711 1494 sub
738 1466 832 1495 terra

155 1526 172 1541 n
190 1512 274 1557 poni
293 1511 428 1556 jussisse
446 1525 455 1547 t
473 1525 514 1547 ex
530 1525 600 1557 quo
619 1520 737 1558 postea
758 1526 831 1548 na-

155 1578 172 1593 »
191 1570 268 1598 turn
292 1576 442 1609 puerum
461 1591 472 1608 ‚
500 1577 607 1609 quem
633 1565 788 1612 Hyrieus
811 1579 831 1600 e

155 1629 172 1644 n
188 1614 280 1650 sacto
299 1615 438 1650 Uriona
453 1617 600 1651 nomine
622 1617 831 1662 appellaret:

153 1683 173 1701 κ
190 1669 251 1704 sed
266 1677 436 1705 vetustate
450 1677 486 1704 et
503 1670 757 1705 consuetudine
771 1671 831 1705 sa·-

153 1735 171 1750 n
188 1727 284 1755 ctum
303 1730 355 1759 est
370 1749 380 1766 ,
401 1731 441 1757 ut
463 1721 580 1757 Orion
604 1730 797 1758 vocaretur.
811 1739 829 1753 ι»

154 1772 354 1818 Palaephato
379 1774 490 1811 dictus
513 1781 565 1809 est
599 1767 742 1825 ὀνρὰιυν,
777 1779 831 1811 διὰ

155 1827 187 1859 τὶ
205 1828 330 1874 οὐρῆσαι
346 1828 444 1886 ὥπερ
454 1833 520 1865 τοὺς
531 1832 629 1867 Sufes
647 1832 749 1863 zen-c«
765 1828 831 1864 κατ’

152 1877 339 1922 ἕνῃμιςμὺ
356 1903 367 1920 ,
393 1883 516 1927 apiana-
543 1879 602 1913 Sic
622 1886 657 1913 et
675 1879 730 1914 alii
748 1906 757 1922 ,
790 1887 830 1914 ut

157 1927 297 1961 Servius
315 1928 357 1962 ad
374 1928 517 1963 AEneid.
531 1930 548 1964 Ι
559 1956 570 1972 ,
590 1931 672 1977 539,
690 1931 748 1976 qui
763 1944 830 1977 pu·-

153 1985 222 2021 tat,
240 1979 369 2014 Dorica
385 1980 501 2025 lingua
516 1997 549 2015 ou
563 1989 738 2016 mutatum
755 1996 829 2017 esse

153 2032 189 2066 in
207 2049 229 2066 ο.
245 2031 426 2067 caeterum
444 2032 664 2080 Pherecydes
688 2041 724 2068 et
745 2035 830 2069 He-

151 2083 269 2119 siodus
285 2083 422 2118 Oriona
438 2085 595 2129 Neptuni
613 2083 772 2120 fecerunt
787 2098 830 2120 ex

154 2135 305 2182 Euryale
321 2162 331 2179 ‚
348 2136 481 2171 Minois
498 2137 568 2171 filia
581 2163 590 2179 ,
613 2136 726 2171 filium
740 2163 750 2180 ,
776 2145 831 2172 at·-

153 2200 219 2232 que
236 2186 324 2221 adeo
343 2186 579 2223 honestiorem
602 2189 635 2222 ei
654 2187 830 2230 dederunt

151 2239 333 2284 originem.
362 2239 505 2274 Nomen
529 2246 649 2274 autem
675 2240 718 2274 ab
743 2241 830 2275 Ono

154 2297 295 2333 monte,
311 2290 347 2324 in
368 2303 439 2335 quo
456 2291 641 2335 educatus,
659 2292 827 2337 accepisse

152 2341 280 2387 iegitur
289 2342 379 2387 apud
393 2342 606 2377 Strabonem
618 2369 629 2386 ,
641 2342 674 2377 X
687 2368 697 2386 ,
710 2356 742 2388 p.
753 2343 828 2377 632.

197 2393 270 2438 537.
287 2394 441 2428 Cmemt
453 2398 659 2428 sennensium.
675 2395 828 2440 Apollo-

153 2443 260 2479 dorus
275 2444 367 2480 dicto
389 2445 464 2481 loco
485 2459 494 2481 ε
514 2454 615 2482 rosera
638 2456 747 2491 7³7⁰?
770 2450 828 2482 λε’-

155 2513 259 2539 ·μυσιν
271 2500 447 2546 duplae-‘5015
465 2502 499 2534 τὶ
509 2506 611 2543 σῶμα.
623 2499 828 2534 Secundum

153 2546 392 2583 Eratosthium
405 2575 415 2592 ,
433 2549 620 2595 Palaephat.
636 2557 671 2584 et
688 2550 827 2584 Theon.

153 2598 195 2631 ad
217 2599 314 2633 Arat-
330 2613 363 2644 p.
381 2602 445 2644 80,
463 2601 579 2636 Orion
600 2602 672 2636 vim
696 2601 827 2636 inferre

154 2649 262 2684 voluit
272 2650 395 2686 Diana
405 2654 545 2688 venanti
556 2680 567 2696 ‚
579 2653 635 2687 illa
646 2666 730 2688 vero
741 2654 828 2688 irata

151 2702 326 2747 scorpium
353 2716 372 2739 e
398 2711 490 2740 terra
514 2707 657 2751 protulit
678 2720 688 2749 ς
715 2719 734 2739 a
757 2717 826 2751 quo

1511 1013 1578 1058 54⁵

899 1092 987 1127 ictus
1001 1092 1116 1129 Orion
1134 1094 1238 1139 periit
1251 1120 1261 1136 ,
1280 1094 1339 1129 sed
1352 1106 1371 1128 a
1382 1095 1471 1130 Jove
1488 1096 1584 1131 inter

899 1145 1012 1181 sidera
1034 1147 1163 1181 relatus
1186 1154 1248 1182 est.
1268 1147 1336 1182 Alii
1357 1161 1440 1182 cum
1464 1149 1581 1184 Calli·-

899 1198 1025 1233 macho
1051 1199 1241 1233 narrabant
1258 1226 1268 1241 ‚
1294 1200 1471 1234 confixum
1494 1214 1578 1236 eum

898 1262 971 1285 esse
985 1251 1114 1296 sagittis
1131 1250 1281 1292 Dianae;
1305 1252 1469 1298 Hyginus
1481 1279 1491 1296 ,
1518 1254 1554 1289 11
1567 1280 1577 1298 ‚

898 1301 951 1344 34.
968 1301 1057 1336 Inde
1075 1301 1182 1336 etiam
1202 1302 1392 1346 Horatius,
1411 1304 1490 1346 111,
1507 1303 1580 1338 Od.

897 1363 957 1395 lv,
977 1366 1015 1397 7¹
1034 1366 1042 1387 :
1062 1368 1080 1384 ι
1097 1354 1243 1398 integre
1266 1354 1440 1390 Tentator
1461 1355 1576 1391 Orion

899 1416 917 1432 ³·
935 1404 1246 1450 Dianae,Virginea
1257 1404 1411 1441 domitus
1419 1407 1553 1452 sagitta.
1561 1423 1578 1437 υ

897 1454 969 1489 Sed
990 1455 1168 1490 traditioni
1189 1482 1200 1499 ‚
1227 1469 1334 1501 quam
1350 1456 1500 1493 Ovidius
1517 1471 1580 1493 se-

896 1514 998 1542 cutus
1013 1515 1090 1552 est,
1112 1509 1263 1544 similem
1278 1508 1353 1544 sere
1370 1509 1477 1545 habet
1495 1511 1577 1558 Hy-

897 1563 998 1605 ginus
1011 1588 1021 1604 ,
1040 1563 1098 1604 11,
1119 1562 1171 1596 26.
1195 1581 1240 1588 —
1262 1565 1493 1607 Gemellipara
1513 1567 1580 1598 dea

896 1611 1032 1647 Latona
1057 1612 1164 1648 etiam
1182 1615 1236 1649 Vl
1254 1614 1404 1649 Metam.
1424 1616 1491 1651 315
1506 1629 1579 1650 vo-

896 1672 1008 1708 catur,
1026 1673 1062 1700 et
1070 1665 1210 1700 videtur
1222 1665 1291 1701 hoc
1302 1679 1436 1702 nomen
1447 1668 1491 1702 ab
1504 1668 1579 1714 ipso

897 1714 1029 1750 Ovidio
1051 1717 1285 1761 compositum
1311 1730 1396 1752 esse.
1414 1736 1460 1743 —
1478 1720 1579 1753 Ferre

895 1769 983 1807 dee,
995 1767 1188 1802 immittere
1197 1768 1327 1814 spicula
1334 1782 1396 1804 sua
1403 1770 1442 1804 in
1454 1769 1555 1804 deam
1568 1784 1579 1812 ;

895 1819 1123 1855 Burmannus
1137 1827 1316 1866 comparat
1320 1821 1449 1866 serrum
1453 1825 1578 1867 jugulo

885 1869 981 1912 serre
996 1871 1086 1915 apud
1105 1871 1231 1905 Silium
1242 1897 1252 1915 ,
1272 1872 1325 1906 lx
1337 1898 1347 1915 ,
1367 1874 1493 1920 5ι9.-·
1504 1874 1577 1908 Pro

894 1924 1007 1955 meriti
1014 1921 1247 1957 Mazarinaeus
1262 1927 1399 1959 meritis.

940 1975 1107 2021 545—598.
1120 1975 1173 2009 IV
1181 1976 1282 2016 Idus,
1295 1979 1367 2010 sive
1377 1979 1432 2010 dis
1442 1990 1454 2010 ι
1461 1990 1495 2020 2,
1506 1977 1594 2013 Lm.

894 2028 936 2060 di
948 2028 1120 2060 Circenses
1130 2029 1168 2061 in
1179 2029 1334 2062 honorem
1353 2029 1482 2062 Ultoris
1491 2055 1501 2068 ,
1518 2028 1577 2062 cui

895 2077 1076 2123 Augustus
1092 2079 1128 2112 in
1141 2078 1235 2113 Foro
1249 2092 1312 2114 suo
1326 2080 1498 2124 templum
1510 2092 1577 2124 po-

893 2129 964 2164 suit
980 2155 991 2171 ‚
1011 2138 1133 2165 votum
1158 2132 1243 2166 illud
1263 2133 1302 2166 in
1321 2132 1414 2167 bello
1438 2132 1574 2177 Philip-

895 2182 1014 2225 pensi;
1032 2183 1223 2218 Suetonius
1242 2184 1388 2230 August.
1410 2198 1463 2232 29.
1482 2185 1574 2219 Vide

895 2233 1051 2270 Masson.
1069 2235 1107 2269 in
1126 2236 1208 2270 Vita
1233 2235 1354 2272 Ovidii
1371 2238 1414 2272 ad
1440 2251 1575 2272 annum

896 2288 970 2330 752.
991 2286 1100 2322 Poeta
1117 2287 1219 2323 ludos
1236 2290 1346 2323 verbo
1365 2291 1495 2335 tangit,
1513 2290 1575 2325 sed

893 2338 1011 2373 forum
1035 2347 1072 2374 et
1098 2341 1270 2386 templum
1297 2342 1459 2377 describit
1484 2344 1574 2378 553-

894 2392 980 2433 568;
1000 2400 1078 2427 tum
1102 2393 1208 2427 verba
1224 2394 1382 2428 voventis
1401 2401 1575 2430 memorat

895 2445 1065 2491 559-577.
1078 2444 1175 2479 Hinc
1184 2445 1370 2480 commode
1387 2445 1430 2480 ad
1440 2446 1575 2482 cladem

894 2497 1140 2531 Romanorum
1172 2510 1192 2532 a
1223 2498 1363 2533 Parthis
1397 2505 1574 2544 acceptam

894 2550 1045 2592 transit,
1071 2562 1178 2594 quam
1202 2557 1239 2585 et
1261 2551 1370 2596 ipsam
1394 2551 1493 2586 Mars
1509 2566 1574 2598 per

894 2602 1093 2646 Augustum
1106 2602 1198 2636 ultus
1213 2609 1284 2646 est,
1296 2616 1405 2651 quum
1417 2604 1466 2639 illi
1474 2605 1573 2651 signa

894 2653 1066 2688 Romanis
1082 2652 1227 2688 ademta
1236 2652 1437 2690 redderent.

937 2705 1006 2739 Sed
1016 2707 1101 2749 qnid
1117 2707 1221 2740 Orion
1236 2712 1301 2740 etc.
1318 2707 1395 2752 Ipsa
1410 2706 1523 2750 sidera
1538 2714 1573 2742 et
