1826 3054
459 294 850 338 FASTORUM
885 295 1015 337 LIB.
1059 294 1128 337 ΙΙ.

1426 294 1504 337 153

95 389 325 452 Effugiat?
346 387 506 455 positis
523 399 738 450 urgentur
756 399 935 454 pectora
953 386 1111 453 palmis
1127 425 1139 445 ‚

159 469 288 515 Nunc
308 466 498 533 primum
519 477 695 513 externa
721 476 899 531 pectora
919 475 1033 512 tacta
1055 472 1199 511 manu.

96 547 238 594 Instat
258 563 405 592 amans
424 540 567 592 hostis
587 543 795 609 precibus
808 580 820 600 ‚
843 542 1100 609 pretioque,
1122 542 1365 608 minisque:

160 625 251 672 Nec
274 642 422 689 prece,
445 641 527 671 nec
548 622 716 688 pretio,
741 639 821 669 nec
843 632 988 669 movet
1005 620 1079 669 ille
1102 621 1248 680 minis.

94 698 168 747 Nil
191 699 309 761 agis3
334 698 513 764 eripiam
529 734 541 754 ‚
568 697 702 755 dixit,
726 717 810 763 pro
834 697 1012 745 crimine
1033 697 1166 745 vitam
1187 715 1196 742 :

155 774 309 822 Falsus
330 773 531 821 adulterii
556 773 681 822 testis
703 772 875 822 adulter
896 774 1001 821 erit:

95 850 346 898 Interimam
369 849 611 906 famulum,
637 867 738 896 cum
762 868 850 914 quo
875 848 1088 914 deprensa
1105 847 1269 896 fereris.

157 928 401 975 Succubuit
417 927 540 976 famae
562 927 676 975 victa
697 926 844 992 puella
863 939 997 974 metu.
1450 942 1514 974 810

94 1002 216 1065 Quid
232 1039 243 1059 ‚
263 1003 428 1059 victor,
452 1002 646 1065 gaudes?
669 1003 761 1050 haec
785 1014 827 1050 te
849 1003 1034 1051 victoria
1056 1002 1210 1068 perdet
1229 1022 1240 1051 ε

159 1078 259 1125 Heu
284 1089 451 1143 quanto
469 1078 616 1139 regnis
637 1096 728 1125 nox
750 1078 872 1126 stetit
894 1097 982 1126 una
1010 1078 1097 1126 tuis
1119 1080 1128 1124 Ξ

95 1157 279 1221 Jamque
302 1167 393 1203 erat
414 1167 512 1204 orta
533 1155 627 1203 dies
646 1175 656 1202 :
676 1156 818 1221 passis
841 1156 963 1204 sedet
984 1155 1055 1205 illa
1076 1155 1244 1223 capillis
1259 1194 1270 1214 ‚

162 1233 225 1278 Ut
247 1230 360 1279 solet
380 1231 434 1279 ad
458 1231 549 1279 nati
570 1242 709 1278 mater
726 1230 840 1279 itura
864 1251 1022 1294 rogum
1044 1252 1053 1279 :

103 1306 477 1372 Grandaevumque
499 1318 666 1372 patrem
689 1306 780 1353 fido
804 1326 903 1355 cum
925 1309 1108 1373 conjuge
1132 1308 1286 1357 castris
1451 1322 1516 1355 8113

162 1381 350 1439 Evocat;
370 1393 414 1428 et
434 1381 580 1447 posita
602 1380 721 1429 venit
743 1393 926 1448 uterque
949 1403 1083 1431 mora.

99 1460 247 1524 thue
267 1458 417 1506 vident
436 1458 638 1507 habitum
653 1497 665 1517 ‚
690 1478 786 1525 quae
807 1459 953 1510 luctus
977 1480 1127 1520 causa,
1151 1461 1409 1529 requirunt3
1431 1517 1434 1519 ,

162 1536 244 1585 Cui
265 1548 391 1602 paret
413 1537 640 1603 exsequias
654 1574 666 1595 ‚
693 1557 834 1604 quove
856 1539 914 1588 sit
934 1540 1021 1590 icta
1042 1540 1193 1589 malo?

99 1661 114 1675 »
134 1645 266 1690 Quisve
282 1646 410 1681 Jovem
423 1653 580 1692 poterat;
596 1662 614 1677 »
628 1648 664 1682 11
681 1649 771 1683 Me—

94 1704 174 1731 tam.
193 1699 442 1741 434.—Positt'.e
457 1707 521 1734 etc.
539 1699 613 1734 Liv.
631 1714 647 1729 «
664 1699 773 1734 sinis-

94 1763 111 1779 n
129 1756 249 1794 traque
259 1763 366 1785 manu
381 1751 537 1786 mulieris
548 1759 688 1797 pectore
705 1765 773 1797 op-

94 1814 111 1830 »
129 1814 256 1845 presso.
268 1817 284 1831 »
296 1803 658 1847 —UrgeturHeinsius
668 1817 709 1838 ex
717 1817 772 1839 ve—

91 1860 165 1887 tere
177 1854 291 1889 Modii
307 1855 395 1890 libro
412 1856 564 1891 dederat.
583 1857 654 1892 Sed
668 1857 770 1892 nnius

91 1905 170 1939 libri
186 1908 388 1942 auctoritate
409 1909 626 1953 graecismuin
649 1909 747 1943 illum
759 1936 768 1953 ,

95 1971 202 2003 quem
218 1958 340 1993 Heius.
352 1959 480 2003 ubique
492 1960 616 2005 cupide
629 1961 769 2005 arripit,

93 2010 203 2044 nolim
220 2010 392 2045 infarcire.
403 2029 447 2036 —
456 2012 554 2046 Bene
574 2014 693 2057 Gierig
705 2026 770 2047 re—

90 2064 172 2107 iecit
189 2070 338 2107 urgetur,
362 2063 456 2108 quod
467 2088 479 2107 ,
498 2064 553 2098 vel
577 2065 702 2099 omissa
717 2066 774 2099 vel

94 2127 189 2149 erasa
206 2127 310 2159 supra
326 2114 426 2148 litera
449 2127 470 2148 e
490 2114 616 2149 lineola
629 2141 638 2159 ,
660 2116 773 2161 potuit

91 2166 169 2212 legi.
183 2169 249 2202 Ed.
266 2186 311 2192 —
325 2168 477 2201 Externa
489 2194 498 2208 ,
513 2167 579 2202 viri
592 2168 706 2202 alieni.

137 2221 211 2253 805.
229 2220 343 2252 Instat
356 2226 420 2253 etc.
435 2218 494 2253 Sic
510 2227 545 2253 et
563 2214 635 2253 Liv.
647 2239 689 2245 --
703 2220 774 2254 Pro

93 2277 200 2304 movet
209 2271 307 2304 Voss.
317 2270 431 2304 vatic.
446 2270 559 2304 Stroz.
570 2273 663 2304 valet
672 2298 679 2310 ,
699 2284 772 2305 non

93 2320 313 2365 improbante
326 2321 508 2355 Burmann
514 2334 545 2355 0.
554 2341 598 2347 —
606 2323 766 2366 Nilagzk,

91 2371 220 2407 frustra
236 2373 435 2408 adversaris.
443 2393 487 2400 —-·
496 2376 561 2408 Pro
571 2378 718 2416 crimine,
734 2382 774 2409 ut

94 2435 232 2457 causam
247 2424 395 2459 habeam
411 2425 619 2459 criminandi
634 2452 644 2469 ‚
665 2434 698 2460 te
715 2440 774 2461 ac-

94 2475 248 2509 cusandi.
266 2476 339 2511 Nisi
356 2477 454 2512 malis
467 2503 476 2521 ,
500 2485 679 2523 tamquam
696 2479 772 2513 cri-

94 2540 176 2562 men
187 2527 387 2564 admisisses.
398 2529 516 2564 Sabin.
529 2531 559 2574 1,
578 2544 617 2578 79
629 2543 636 2563 :
650 2531 774 2577 «Tyn-

96 2594 114 2609 >›
133 2579 222 2615 daris
238 2579 298 2616 has
311 2582 359 2616 illi
375 2583 454 2618 laeso
471 2596 536 2629 pro
551 2583 680 2618 soedere
698 2597 774 2630 poe-

52 2676 58 2678 p
96 2646 114 2661 u
131 2644 192 2666 nas
202 2631 392 2669 Struxerat.
404 2649 420 2664 υ
434 2635 557 2670 Heius.
568 2636 772 2681 praeferebat

93 2684 184 2730 vulg.
195 2697 258 2728 per
274 2690 424 2723 crimina.
443 2687 614 2723 Burman.
631 2689 769 2733 objicit,

94 2734 161 2770 hoc
171 2736 244 2771 sore
260 2737 399 2773 sceleste
411 2764 421 2782 ‚
434 2739 566 2775 nefarie
581 2740 688 2774 vitam
699 2740 772 2774 eri·

92 2801 187 2837 pere.
212 2790 333 2836 Itaque
353 2804 371 2826 e
390 2791 543 2837 pluribus
564 2793 659 2828 libris
680 2793 770 2829 alte-

836 1664 917 1686 rum
938 1652 1068 1698 recepit
1082 1679 1091 1695 ,
1117 1659 1153 1686 et
1174 1659 1343 1697 praeterea
1364 1653 1426 1685 sub
1448 1654 1515 1684 crs·

835 1707 924 1738 mlae
940 1704 1092 1749 conjicit.
1106 1723 1150 1730 —
1163 1706 1305 1744 Falsus,
1327 1703 1428 1737 fictus
1440 1727 1450 1745 ‚
1467 1702 1514 1736 si—

836 1757 1001 1799 mulatus,
1012 1764 1051 1791 ut
1061 1757 1185 1802 passim
1194 1757 1231 1790 in
1242 1754 1512 1790 Metam.Verba

838 1811 924 1844 Livii
936 1810 1088 1854 apertius
1103 1817 1139 1844 et
1153 1809 1194 1843 ad
1214 1807 1420 1843 terrendum
1435 1820 1514 1852 gra-

837 1863 911 1897 vius
922 1862 1027 1897 etiam
1038 1862 1135 1897 Sexti
1145 1868 1304 1896 mentem
1315 1859 1492 1894 declarant
1507 1870 1513 1890 ;

837 1929 854 1943 «
873 1914 967 1948 Cum
991 1922 1129 1949 mortua
1152 1912 1347 1959 jugulatum
1374 1923 1513 1946 servum

838 1981 855 1996 »
871 1967 1009 2004 nudum
1027 1967 1223 2012 positurum
1242 1967 1310 2008 ait,
1328 1972 1367 1999 nt
1386 1965 1422 1998 in
1436 1976 1514 1998 sor-
1550 1965 1553 1968 ’

839 2034 857 2050 »
874 2018 957 2054 dido
973 2019 1143 2054 adulterio
1158 2025 1280 2054 necata
1296 2017 1439 2052 dicatur.
1454 2030 1471 2045 n

880 2073 901 2106 8
908 2085 956 2106 ιο.
976 2073 1106 2106 Victrix
1112 2072 1219 2106 libido
1228 2070 1333 2105 etiam
1342 2068 1433 2115 apud
1442 2068 1515 2102 Liv.

836 2127 958 2159 -Nox
975 2124 1018 2159 de
1034 2125 1231 2160 concubitu.
1245 2143 1291 2150 -—
1303 2125 1387 2157 Hoec
1403 2130 1436 2157 le
1451 2129 1515 2156 etr.

839 2175 937 2210 Talia
959 2176 1085 2211 minari
1103 2176 1216 2211 solent
1231 2174 1398 2220 injuriam
1417 2174 1514 2218 passi.

839 2228 943 2262 Nunc
968 2234 1070 2272 poeta
1091 2227 1215 2262 eadem
1238 2226 1455 2261 vaticinatur.
1473 2243 1516 2249 —-

837 2281 957 2318 Passi,
980 2278 1015 2313 id
1031 2286 1082 2314 est
1094 2304 1104 2321 ,
1123 2278 1224 2314 soluti
1241 2285 1277 2312 et
1289 2278 1377 2313 circa
1388 2276 1515 2311 collum

838 2330 932 2364 fluen
939 2337 988 2364 tes
1001 2330 1111 2375 capilli
1122 2330 1262 2376 signum
1273 2336 1374 2364 erant
1385 2329 1496 2362 luctu>-
1507 2355 1515 2369 ‚

838 2383 875 2416 in
892 2383 1095 2418 mulieribus
1117 2382 1345 2428 potissimum.
1367 2380 1516 2415 Heroid.

839 2436 895 2479 X,
925 2437 995 2480 187.
1017 2433 1107 2475 Vide
1131 2434 1291 2469 Kirchm.
1317 2433 1360 2467 de
1387 2433 1518 2468 Funer.

839 2500 916 2532 pag.
935 2499 1012 2521 aoo.
1490 2502 1495 2507 ι

883 2541 903 2573 8
911 2541 958 2572 ι5.
970 2541 1103 2573 Patrem
1115 2538 1230 2573 Roma
1244 2538 1399 2572 evocavit
1397 2562 1419 2590 ἢ,
1437 2549 1519 2571 auc-

839 2599 915 2626 tore
930 2592 1040 2626 Livio.
1064 2591 1170 2637 Apud
1186 2591 1332 2639 Dionys.
1347 2591 1419 2637 ipsa
1441 2603 1519 2626 car-

838 2652 947 2690 pento
970 2644 1110 2679 vehitur
1134 2645 1285 2679 Romam
1308 2644 1350 2679 ad
1396 2650 1518 2679 atrem.

838 2691 987 2728 Evocat,
1015 2689 1073 2734 qui
1094 2688 1246 2734 aliquem
1262 2688 1355 2723 aliun
1383 2702 1401 2723 e
1421 2687 1462 2722 ad
1483 2702 1519 2722 se

838 2741 957 2775 venire
974 2741 1220 2785 juber—Icta,
1238 2754 1398 2787 percussa
1411 2767 1420 2784 ‚
1438 2754 1520 2786 per—

837 2791 1135 2831 culsa—Codices
1145 2793 1306 2830 nonnulli
1319 2796 1391 2829 icta
1401 2794 1496 2827 modo
1507 2805 1518 2827 .-
