1826 3054
256 235 344 291 480
782 233 1154 280 excussus

254 330 398 379 factus
420 340 538 387 erat,
568 327 687 396 quod
713 338 867 391 gentes
889 346 1059 395 semper
1081 347 1243 392 magno
1275 329 1364 378 sibi
1393 329 1561 380 honore
1596 332 1682 382 du-

254 426 350 457 cere
364 444 378 467 ‚
403 420 447 458 et
469 406 516 456 in
537 406 731 457 nummis
753 405 973 456 celebrare
998 405 1214 456 solebant.

624 694 1111 753 EXCURSUS
1160 696 1300 753 111.

253 855 309 884 DE
336 851 513 883 ORTIBUS
532 853 586 882 ET
607 852 830 882 OCCAslssUS
846 853 1034 883 sint-:tuln
1066 855 1110 884 m
1134 853 1289 883 OVIDIO
1307 854 1485 884 noTaTts
1500 873 1512 891 7
1537 853 1682 889 omer:

414 920 556 951 rasus
582 920 855 951 smssmtnus
882 920 1123 951 GRAEconuu
1154 920 1208 950 m·
1235 921 1521 951 nomuonun.

254 1065 290 1112 I.
322 1041 414 1112 Eo
432 1062 597 1128 majore
613 1082 696 1126 ego
711 1082 811 1112 cum
826 1062 1056 1131 voluptate
1066 1063 1171 1113 huic
1186 1063 1391 1112 carminis
1409 1063 1552 1112 nostri
1567 1064 1683 1130 parti

253 1142 493 1200 immoror,
519 1161 617 1208 quae
644 1140 700 1191 ad
721 1161 822 1203 ,rem
845 1142 1187 1191 astronomicam
1212 1142 1428 1209 pertinet,
1460 1161 1551 1207 quo
1572 1161 1682 1208 pau-

253 1219 396 1267 ciores
417 1217 575 1267 harum
595 1217 820 1267 literarum
845 1217 1058 1275 cultores,
1084 1218 1168 1267 etsi
1192 1229 1390 1267 veterum
1413 1217 1680 1284 scriptormn

252 1294 545 1359 intelligentia
562 1294 841 1362 probabilem
860 1295 993 1361 hujus
1007 1294 1251 1362 disciplinae
1268 1294 1566 1357 cognitionem
1586 1314 1684 1341 om-

252 1370 361 1420 nino
383 1369 577 1434 flagitet,
600 1370 684 1418 hac
707 1370 835 1418 etiam
859 1388 911 1418 ex
934 1382 1059 1436 parte
1093 1390 1239 1419 rerum
1264 1371 1518 1433 cognitione
1550 1371 1685 1418 inter-

255 1450 550 1517 pretationem
579 1447 784 1513 adjuvare
809 1446 964 1497 solent.
991 1449 1259 1511 Magnorum
1288 1448 1617 1515 philologorum
1642 1460 1686 1496 et

255 1529 545 1595 interpretum
571 1564 584 1586 ,
628 1526 943 1583 Heinsiorum,
978 1527 1338 1575 Burmannorum
1375 1526 1651 1594 aliorumque
1672 1565 1684 1582 ‚

257 1600 447 1672 quorum
466 1602 769 1652 commentarii
788 1601 1041 1673 frequenter
1053 1602 1261 1652 manibus
1283 1603 1376 1650 triti
1396 1614 1520 1660 sunt,
1541 1622 1685 1651 exem-

256 1682 383 1751 plum
401 1720 414 1740 ,
441 1681 519 1749 qui
539 1680 611 1730 his
628 1680 768 1752 rebus
791 1679 1062 1748 explicandis
1085 1679 1467 1748 dijudicandisque
1488 1679 1686 1748 plerum-

259 1780 344 1829 que
368 1759 712 1828 supersederunt
733 1764 763 1817 ¹,
776 1777 870 1807 non
891 1778 1047 1826 pamm
1066 1759 1291 1817 nocuisse,
1310 1760 1355 1807 in
1374 1771 1586 1826 promptu
1606 1772 1684 1807 est.

259 1838 476 1904 Quamvis
496 1837 581 1886 alia
598 1837 785 1886 sortasse
808 1855 957 1886 earum
979 1836 1311 1905 disciplinarum
1331 1856 1459 1886 causa
1481 1837 1565 1893 sit,
1591 1855 1688 1903 quae

259 1916 531 1967 a-veteribus
555 1915 736 1983 quidem
756 1913 1056 1982 peculiaribus
1074 1913 1201 1963 libris
1225 1915 1422 1973 traditae,
1448 1916 1597 1963 minus
1623 1927 1689 1962 ta-

260 2014 360 2044 men
383 1994 440 2044 ad
463 1993 575 2043 alios
598 2012 750 2043 omnes
774 1993 1015 2060 scriptores
1044 2005 1225 2060 pateant
1261 1994 1335 2058 (v.
1368 2013 1404 2041 c.
1438 1993 1652 2041 medicina
1671 2029 1685 2049 ,

259 2073 551 2123 architectura
572 2083 652 2121 etc.
676 2071 723 2120 in
741 2091 932 2139 quorum
949 2071 1245 2138 scriptoribus
1261 2071 1459 2139 quaedam
1484 2071 1686 2134 ignorare

261 2150 494 2219 philologo
515 2169 604 2200 non
621 2149 731 2199 adeo
754 2149 927 2198 crimini
945 2149 1202 2199 vertendum
1222 2161 1364 2206 esset,
1389 2168 1526 2216 quum
1548 2148 1686 2211 magis

262 2251 342 2299 per
361 2251 408 2281 se
429 2230 628 2287 valeant,
659 2228 966 2295 minoremque
1001 2239 1046 2276 et
1079 2228 1125 2275 in
1149 2227 1247 2277 aliis
1278 2229 1447 2295 scriptt.
1481 2227 1566 2275 vim
1606 2226 1686 2274 ha-

262 2308 429 2375 beant)
453 2319 607 2357 contra
628 2306 825 2356 historia:
848 2303 1062 2355 naturalis
1087 2316 1132 2355 et
1153 2306 1431 2355 astronomiae
1461 2303 1684 2372 probabili

264 2387 423 2438 notitia
445 2386 496 2435 in
520 2384 745 2434 veteribus
778 2382 1070 2452 scriptoribus
1103 2402 1197 2431 non
1231 2382 1357 2433 facile
1392 2402 1533 2432 carcre
1555 2402 1687 2449 posse

262 2463 458 2513 dixerim.

330 2543 398 2590 Ne
418 2540 535 2590 enim
552 2538 691 2589 dicam
711 2537 764 2587 ‹le
780 2536 871 2587 caeli
892 2536 1167 2600 cognitione,
1188 2536 1283 2586 sine
1301 2555 1385 2604 qua
1407 2535 1687 2603 geographo-

267 2636 366 2666 rum
388 2628 581 2665 veterum
605 2613 727 2664 nulla
749 2626 817 2664 est
844 2612 1132 2677 intelligentia
1148 2650 1161 2672 ,
1200 2632 1296 2680 quae
1330 2613 1374 2660 in
1407 2612 1685 2680 philosophis

313 2762 323 2783 ¹
351 2758 430 2795 Vid.
453 2772 485 2796 v.
502 2772 534 2794 ε.
557 2758 745 2797 Ηείωἰιιω
764 2765 801 2797 et
819 2758 1067 2795 normannum
1083 2755 1125 2792 acl
1146 2756 1273 2793 raim.
