1826 3054
596 216 665 262 IN
696 216 940 262 0V1D11
970 214 1259 260 FASTOS.
1552 217 1643 279 459

218 313 499 380 potissimum
525 310 591 359 ibi
620 310 818 359 annotati
841 328 934 360 csse
956 309 1177 359 debebant
1203 314 1215 334 ¹
1236 348 1248 367 ‚
1275 321 1320 358 et
1352 327 1451 359 cum
1473 330 1643 361 consu-

218 396 336 445 libus
360 396 533 444 demum
555 394 730 443 initium
751 393 918 462 cepisse
938 393 1144 442 videntur
1170 411 1193 441 e
1217 391 1395 441 Valerio
1421 394 1641 454 Maximo,

219 479 346 527 libris
363 479 441 535 IV,
455 479 505 538 4,
525 479 563 542 ἓ.
583 494 601 524 1
619 496 630 535 ;
652 488 695 526 et
707 478 816 534 Vll,
832 476 861 525 3
874 514 886 533 ,
899 478 935 524 Q.
952 492 980 522 2
993 513 1006 532 ,
1020 474 1099 523 ubi
1112 474 1252 523 altero
1264 475 1313 523 in
1324 474 1427 523 loco
1442 475 1643 526 Valerius

220 558 469 627 Poplicola,
494 560 666 627 primus
688 558 842 608 consul
862 559 1087 607 Fastorum
1108 558 1219 606 illud
1237 558 1416 606 columen
1442 571 1644 615 vocatum

219 644 265 690 in
279 642 416 691 altero
430 661 485 691 au
492 654 577 691 tem
590 643 757 690 Brutus
770 680 782 698 ‚
798 640 961 690 Valerii
977 641 1022 689 in
1039 641 1185 707 primo
1200 639 1434 689 consulatu
1449 639 1619 703 collega
1632 678 1644 698 ,

218 724 339 772 vafro
362 724 464 783 illo,
490 744 580 791 quo
603 723 835 791 Tarquinii
858 722 974 772 filios
997 722 1191 790 decepit,
1226 721 1381 772 osculo
1403 723 1581 789 primum
1604 724 1646 770 in

216 807 363 855 Fastis
385 808 516 855 locum
534 806 622 855 sibi
645 825 821 873 parasse
842 806 1016 855 dicitur.
1040 807 1254 855 Poterant
1276 805 1414 870 igitur
1437 805 1647 869 gentibus

215 889 410 937 romanis
433 889 625 956 antiquae
648 908 797 938 earum
818 888 1048 938 nobilitati
1071 888 1314 956 probandae
1337 888 1544 937 inservire
1564 925 1576 944 ,
1609 888 1647 936 si

215 972 365 1039 plures
389 973 460 1022 sui
482 973 678 1023 nominis
700 973 767 1022 ibi
792 974 935 1022 notati
959 984 1107 1031 erant,
1139 972 1258 1022 unde
1278 992 1318 1020 v.
1344 990 1382 1019 c.
1408 971 1645 1026 Horatius,

218 1055 307 1103 Od.
332 1056 425 1114 III,
458 1068 564 1104 xvll
580 1093 592 1114 ,
625 1072 680 1113 2,
701 1055 864 1105 Lamiae
891 1056 963 1104 sui
995 1074 1185 1122 proavos
1212 1055 1262 1102 in
1292 1054 1418 1102 fastis
1447 1052 1646 1118 undique

216 1148 395 1186 notatos
417 1137 588 1200 generis
605 1137 885 1187 nobilitatem
905 1156 931 1186 a
947 1140 1086 1187 Lamo
1107 1137 1186 1186 illo
1204 1148 1348 1185 vetere
1362 1174 1374 1194 ,
1398 1137 1647 1202 Laestrygo-

216 1237 324 1267 num
341 1237 443 1282 rege
455 1257 468 1277 ,
493 1239 546 1269 ex
568 1230 676 1268 nota
694 1221 1000 1269 Romanorum
1020 1220 1211 1268 vanitate
1230 1231 1274 1267 et
1290 1230 1520 1286 poetarum
1538 1216 1648 1266 adu-

218 1300 405 1360 latione,
432 1301 591 1351 ducere
613 1302 756 1351 canit:

436 1425 509 1461 AEli
522 1452 531 1469 ,
549 1432 687 1462 vetusto
705 1426 831 1461 nobilis
849 1425 891 1461 ab
910 1426 1022 1461 Lamo
1033 1452 1044 1470 ,

437 1486 597 1531 Quando
612 1494 648 1521 et
666 1487 799 1532 priores
815 1486 900 1522 hinc
919 1486 1057 1522 Lamias
1071 1485 1196 1522 ferunt

475 1547 758 1593 Denominatos,
777 1555 814 1583 et
828 1555 1002 1594 nepotum

522 1612 594 1646 Per
610 1624 769 1646 memores
786 1625 895 1658 genus
910 1624 1018 1646 omne
1025 1610 1146 1655 fastos

434 1673 591 1708 Auctore
609 1673 652 1707 ab
667 1672 727 1707 illo
745 1671 840 1708 ducit
857 1672 1042 1719 originem.

277 1781 340 1828 Et
359 1780 396 1828 si
413 1779 667 1843 ignominiae
690 1799 821 1830 causa
842 1778 1028 1845 alicujus
1052 1778 1248 1828 consulis
1269 1798 1432 1829 nomen
1458 1778 1643 1848 publico

217 1860 262 1907 S.
291 1862 342 1910 C.
369 1881 392 1910 e
415 1862 541 1911 fastis
568 1862 687 1912 eradi
716 1862 879 1911 dicitur
898 1900 911 1922 ,
940 1881 1114 1929 semper
1142 1862 1191 1910 hi
1223 1861 1497 1926 intelligendi
1525 1875 1642 1912 sunt.

218 1990 336 2037 Lycen
352 2017 361 2035 ,
387 1997 428 2026 ut
454 1997 555 2026 aetate
574 1991 715 2026 fruatur
732 2018 742 2034 ,
766 1990 897 2027 admo-

218 2057 307 2079 nens
320 2071 330 2086 ,
357 2057 492 2079 annum
510 2044 607 2080 fastis
629 2045 740 2080 semel
761 2044 898 2081 adseri-

218 2104 317 2140 ptum
334 2096 595 2131 irrevocabilem
612 2103 732 2131 vocat:

249 2162 305 2187 ,Nec
316 2163 373 2188 eoae
383 2162 495 2188 referunt
506 2163 560 2195 jam
570 2162 620 2187 tib·-
633 2171 755 2196 purpura

224 2223 230 2226 -
250 2211 305 2236 Nee
316 2212 378 2236 clari
393 2212 491 2244 lapides
505 2217 621 2245 tempor·
632 2230 642 2242 ,
655 2221 715 2246 qun
726 2212 808 2237 sunl

334 2259 411 2283 Notis
422 2259 617 2295 conditasattis

380 2308 492 2333 inclusit
505 2308 621 2333 votum-ts
633 2309 700 2335 dies·

263 2363 274 2381 ¹
298 2360 373 2396 Liv.
392 2362 445 2396 lx
457 2388 467 2404 ,
489 2364 528 2397 18
544 2389 554 2405 ‚
569 2363 711 2408 paginas
723 2363 760 2398 in
779 2377 898 2399 anna—

217 2412 305 2448 libus
319 2414 585 2459 magistratuum
598 2441 608 2454 ,
627 2415 792 2462 fastisque
809 2430 898 2462 per—

218 2477 359 2500 currere
394 2466 473 2501 licet
493 2493 503 2509 ,
538 2468 723 2502 consulum
746 2468 899 2504 dictato·

218 2528 390 2561 rumque,
409 2530 561 2562 quorum
586 2532 652 2554 nec
673 2519 811 2556 virtutis
832 2534 899 2557 nec

218 2566 371 2603 sortunae
386 2568 456 2604 ullo
472 2569 528 2605 die
549 2571 588 2605 P.
607 2571 650 2606 R.
668 2572 840 2617 poenituit.
855 2589 900 2599 ·—-

221 2620 376 2656 Annales
396 2623 664 2668 magistratuum
682 2637 701 2658 a
716 2624 813 2659 fastis
834 2624 901 2659 dis-

219 2674 316 2707 cerni
335 2674 500 2710 videntur
514 2702 524 2719 ,
546 2678 592 2711 ita
609 2684 648 2711 ut
662 2677 742 2711 fasti
756 2677 899 2712 nonnisi

219 2725 378 2762 consules
401 2727 543 2773 singulis
566 2730 667 2765 annis
689 2730 872 2776 inscriptos
885 2756 895 2774 ,

963 1998 1106 2034 annales
1122 2006 1241 2034 autem
1258 1999 1525 2045 magistratuum
1540 2007 1646 2036 caete-

962 2066 1019 2088 ros
1049 2053 1269 2098 magistratus
1298 2055 1586 2099 complectantur.
1603 2074 1647 2084 -ι

965 2104 1040 2139 Cic.
1058 2103 1100 2138 ad
1116 2105 1191 2140 Att.
1207 2106 1274 2149 tv,
1292 2106 1358 2152 Ep.
1375 2107 1418 2141 8:
1434 2106 1475 2142 Si
1489 2120 1573 2142 vero
1585 2134 1596 2151 ,
1607 2107 1645 2141 id

963 2162 1016 2190 est
1028 2181 1037 2199 ,
1055 2155 1151 2200 quod
1166 2156 1304 2200 nescio,
1321 2170 1365 2192 an
1376 2158 1439 2201 sit,
1455 2165 1494 2193 ut
1503 2172 1571 2193 non
1580 2162 1648 2192 mi·-

962 2219 1028 2241 nus
1038 2209 1159 2251 longas
1164 2208 1243 2251 jan
1252 2212 1289 2243 ia
1299 2211 1529 2245 codicillorum
1534 2210 1648 2255 fasta}

954 2257 1145 2302 futurorum
1170 2263 1344 2295 consulum
1363 2265 1548 2307 paginulas
1574 2261 1647 2297 ha-

963 2311 1044 2347 beat
1061 2338 1071 2355 ,
1101 2325 1208 2358 quam
1235 2312 1413 2349 factorum
1429 2342 1439 2357 ,
1471 2314 1556 2360 quid
1584 2314 1651 2349 illo

963 2364 1144 2409 miserius,
1161 2365 1228 2401 nisi
1243 2367 1436 2412 respublica
1447 2394 1456 2411 ,
1471 2371 1508 2402 in
1519 2380 1588 2413 qua
1598 2381 1651 2403 ne

962 2424 1123 2463 speratur
1138 2417 1280 2463 quidem
1297 2419 1420 2454 melius
1431 2419 1623 2466 quidquam
1633 2446 1648 2463 ,

962 2469 1022 2504 ubi
1037 2470 1144 2504 cuivis
1160 2471 1294 2505 consuli
1310 2484 1371 2505 sua
1392 2472 1517 2517 pagina
1536 2471 1649 2507 desti-

962 2529 1045 2556 nata
1054 2522 1247 2558 videturita
1254 2524 1479 2569 probabiliter
1489 2551 1499 2568 ‚
1516 2531 1555 2559 ut
1562 2536 1645 2559 con-

962 2575 1053 2610 sules
1068 2576 1177 2610 annui
1198 2575 1373 2611 fastorum
1397 2577 1499 2612 annis
1519 2590 1646 2623 super-

962 2627 1168 2662 scribantur.
1184 2647 1230 2654 —
1244 2629 1416 2664 Martialis
1431 2655 1441 2673 ,
1460 2630 1530 2664 ΧΠ
1545 2656 1555 2672 ,
1573 2629 1615 2663 26
1632 2655 1645 2673 ,

963 2679 1146 2716 hominem
1165 2683 1366 2729 perstringit
1383 2710 1393 2727 ,
1414 2684 1473 2729 qui
1489 2684 1561 2728 iam
1580 2696 1645 2718 se—

962 2738 1084 2776 nator,
1104 2732 1140 2767 id
1159 2734 1303 2780 insuper
1318 2735 1450 2781 adpetit
1462 2762 1472 2779 ,
1495 2742 1536 2770 ut
1548 2735 1644 2770 fastis
