1826 3054
286 250 376 306 438

669 252 719 295 P.
759 252 996 297 OVIDH
1031 252 1331 298 NASONIS

285 345 351 394 Te
375 363 555 412 quoque
576 344 830 408 magnifica,
858 346 1106 395 Concordia
1120 384 1131 403 ‚
1154 346 1325 395 dedicat
1347 347 1436 396 aedc

353 422 503 479 Livia,
530 441 659 488 quam
685 442 785 472 caro
810 424 1013 490 praestitit
1039 423 1112 472 illa
1133 424 1242 472 viro.

289 499 423 548 Disce
445 511 589 548 tamen
605 538 616 557 ‚
636 500 813 549 veniens
837 512 963 559 aetas,
987 501 1067 549 ubi
1090 501 1212 550 Livia
1235 521 1351 551 nunc
1375 514 1440 550 est

354 578 587 636 Porticus,
612 579 833 628 immensae
856 590 971 627 tecta
992 578 1127 627 fuisse
1151 578 1322 628 domus.

1650 596 1718 640 640

289 655 426 703 Urbis
450 676 563 723 opus
587 657 746 705 domus
770 676 858 705 una
879 657 987 713 suit;
1010 657 1290 724 spatiumque
1310 658 1485 706 tenebat

358 735 464 798 Quo
488 736 666 784 brevius
691 735 830 784 muris
856 735 1023 803 oppida
1045 734 1183 784 multa
1207 748 1369 785 tenent.

292 815 398 863 Haec
423 827 591 881 aequata
616 814 718 863 solo
742 827 835 871 cst,
860 814 986 864 nullo
1009 814 1095 863 sub
1121 815 1303 863 crimine
1324 816 1476 880 regni,

358 890 445 940 Sed
469 891 571 957 quia
595 890 767 943 luxuria
789 891 882 940 visa
902 910 1059 940 nocere
1081 910 1174 940 sua.

291 967 515 1017 Sustinuit
539 979 682 1016 tantas
707 987 892 1035 operum
919 968 1170 1018 subvertere
1192 968 1360 1027 moles,
1652 985 1719 1028 645

356 1046 535 1111 Totque
563 1065 662 1094 suas
683 1045 822 1095 haeres
845 1046 1030 1112 perdere
1054 1047 1199 1095 Caesar
1218 1065 1341 1113 opes.

291 1121 366 1169 Sic
390 1121 537 1184 agitur
560 1140 766 1180 censura,
790 1134 835 1171 et
859 1123 920 1171 sic
943 1122 1141 1189 exempla
1165 1134 1378 1189 parantur
1396 1160 1409 1180 ‚

359 1202 513 1266 Quum
538 1201 722 1259 vindex,
748 1201 858 1250 alios
884 1202 1003 1268 quod
1028 1214 1205 1258 monet,
1231 1202 1325 1268 ipse
1348 1201 1464 1250 sacit.

297 1276 431 1326 Nulla
456 1289 562 1326 nota
590 1290 682 1336 est,
707 1278 905 1326 veniente
930 1278 1000 1326 die
1027 1297 1157 1344 quam
1185 1278 1327 1327 dicere
1350 1278 1525 1345 possis:

294 1422 361 1457 279
373 1435 384 1452 ,
400 1408 544 1445 flamma
557 1413 686 1455 ape'cem
695 1424 759 1454 per
770 1424 851 1446 aera
863 1413 976 1451 duxit,

296 1460 356 1495 ubi
378 1460 455 1496 vide
474 1468 597 1496 notam
613 1469 781 1496 nostram.

339 1514 511 1560 637-648.
527 1518 656 1551 Eodem
668 1515 719 1551 lV
728 1517 812 1551 Idus
823 1517 980 1560 templum

298 1567 491 1602 Concordia·
505 1581 529 1602 a
546 1569 647 1603 Livia
662 1570 852 1603 dedicatum
864 1579 876 1610 ;
890 1580 979 1603 con-

294 1619 348 1655 ser
366 1621 403 1664 I,
426 1622 761 1669 539.-—I)ed1‘cantur
776 1634 848 1657 non
872 1621 981 1656 modo

299 1673 446 1719 templa,
465 1673 526 1709 sed
545 1673 593 1709 dii
619 1687 782 1720 quoque,
806 1674 865 1720 qui
889 1675 981 1709 inter

297 1726 381 1761 deos
402 1727 622 1773 recipiuntur
635 1754 645 1771 ,
668 1728 785 1774 positis
802 1727 838 1762 in
855 1741 981 1763 corum

300 1777 475 1813 honorem
494 1778 648 1825 templis,
667 1786 748 1822 aut,
769 1779 894 1825 quibus
910 1780 981 1824 jam

298 1831 447 1877 receptis
469 1844 560 1866 nova
585 1839 727 1867 tantum
752 1830 981 1879 appellatione

299 1894 390 1917 nova
401 1882 493 1918 edes
502 1883 709 1925 instituitur;
717 1882 787 1917 vid.
800 1882 983 1918 Mitscher-

297 1933 442 1970 lichium
453 1934 496 1969 ad
510 1934 719 1977 Horatium,
733 1934 748 1969 l
761 1960 771 1978 ,
785 1933 856 1970 od.
874 1945 959 1969 xxx1
972 1960 982 1977 ,

306 2002 332 2023 ι.
348 2006 393 2014 -
413 1987 534 2023 Prima
551 1986 643 2022 ades
675 1985 885 2021 Concordiae
911 1987 983 2031 jam

301 2051 397 2075 anno
421 2052 456 2074 u.
481 2051 510 2074 c.
528 2040 615 2087 449,
636 2038 792 2074 dedicata
814 2050 822 2072 :
843 2037 983 2082 Livius,

303 2091 355 2126 lX
366 2116 375 2134 ,
396 2090 788 2135 46.—-L1’e1'aep0rlicum
809 2089 984 2135 Augustus

301 2140 508 2184 edificavit,
535 2153 578 2176 eo
601 2140 699 2184 loco,
724 2140 785 2175 ubi
813 2140 984 2175 immensa

303 2194 411 2229 vodii
430 2194 596 2230 Pollionis
612 2221 621 2236 ‚
641 2193 794 2229 hominis
821 2192 985 2229 luxuriosi

302 2247 465 2293 (Seneca
477 2246 520 2282 de
538 2247 588 2281 ira
604 2247 656 2281 lll
671 2272 681 2289 ‚
694 2244 766 2291 40)
783 2244 908 2281 domus
916 2252 986 2281 ste—

305 2307 419 2344 terat,
445 2312 551 2345 quam
577 2299 640 2334 sibi
668 2297 815 2345 legatam
841 2305 987 2345 propter

302 2351 451 2387 nimiam
477 2350 760 2398 magnitudinem
777 2350 852 2386 solo
866 2363 985 2397 equa-

303 2411 400 2439 verat
418 2417 428 2445 ;
447 2403 517 2439 Dio
539 2402 596 2438 lib.
620 2405 673 2447 54.
694 2422 737 2429 —
760 2404 862 2438 Urbis
881 2415 980 2448 opus,

305 2469 391 2502 opus
409 2462 547 2491 tantum
560 2482 570 2500 ,
592 2462 722 2501 quanta
739 2455 832 2490 urbs.

347 2509 424 2553 643.
444 2511 547 2545 Nullo
569 2511 630 2544 snb
647 2515 711 2544 etc.
736 2509 890 2544 Sensum
912 2506 986 2543 ho-

304 2573 385 2595 rum
405 2561 593 2596 verborum
609 2568 702 2597 recte
720 2561 881 2607 explicuit
892 2560 987 2596 Bur-

304 2625 467 2648 mannus.
486 2613 567 2648 Non
592 2639 601 2656 ,
622 2613 702 2659 quia
729 2613 814 2648 arcis
834 2613 986 2659 speeiem

306 2664 599 2712 prebebat,etiia
608 2665 986 2711 regniadsectatireum

307 2725 422 2765 posset
435 2730 664 2765 possessorem
681 2718 794 2754 fatere
806 2745 816 2763 ,
828 2717 889 2755 sed
906 2719 987 2765 quia

307 2770 450 2808 luxuria
457 2769 657 2817 exemplum
669 2770 741 2807 aliis
750 2771 904 2818 prebere
914 2783 988 2818 pos·

1040 1417 1102 1444 set.
1114 1411 1179 1444 sab
1190 1422 1328 1445 causam
1344 1409 1492 1450 indicat:
1510 1409 1587 1448 vide
1602 1408 1721 1443 Schul-

1043 1462 1127 1507 ting.
1148 1461 1189 1495 ad
1209 1462 1380 1495 Senecam
1393 1488 1403 1503 ‚
1420 1461 1519 1495 Suas-
1535 1462 1617 1495 ΥΠ.
1635 1462 1722 1496 For-

1043 1521 1129 1548 tasse
1142 1521 1242 1559 poeta
1256 1514 1471 1558 respexitca,
1488 1525 1565 1558 quae
1581 1514 1723 1547 Valerio

1044 1567 1224 1612 quondam
1250 1566 1451 1601 acciderunt
1469 1579 1478 1601 ι
1501 1566 1615 1601 Livius
1628 1593 1636 1608 ,
1664 1567 1696 1600 ΙΙ
1713 1593 1723 1608 ,

1046 1622 1194 1666 7.—Pro
1207 1624 1389 1655 subvertere
1401 1621 1626 1655 Burmannus
1641 1634 1722 1653 rum

1045 1686 1119 1707 uno
1138 1673 1275 1708 Heinsii
1292 1672 1368 1707 cod.
1384 1675 1574 1707 subne'lleoe
1586 1671 1722 1714 mallet,

1046 1724 1141 1771 quod
1156 1724 1423 1759 convenientius
1437 1724 1498 1765 sit,
1516 1723 1726 1758 destructio-

1045 1778 1084 1813 ni
1102 1790 1173 1811 uon
1192 1776 1371 1817 violente.
1391 1789 1455 1811 nec
1477 1774 1585 1821 qualis
1601 1776 1636 1810 in
1658 1788 1724 1809 ur·-

1046 1827 1146 1862 bibus
1161 1828 1267 1873 raptis
1280 1827 1355 1862 fieri
1366 1827 1495 1870 soleat,
1507 1826 1566 1861 sed
1580 1826 1727 1871 quaefiat

1046 1893 1152 1925 opera
1165 1879 1364 1920 fabrorum;
1378 1887 1568 1925 argutatur.
1583 1879 1665 1922 Dio,
1678 1897 1728 1914 nt·

1046 1950 1084 1969 τοι
1089 1935 1172 1968 sint
1178 1934 1316 1969 zm—Sa‘c
1324 1937 1437 1977 agitur
1442 1944 1598 1972 censum:
1610 1933 1642 1967 K
1649 1946 1682 1967 re
1688 1934 1728 1967 b—

1047 1986 1116 2021 sius
1133 1999 1140 2020 τ
1156 1999 1194 2020 so
1202 1985 1305 2029 somn
1322 1999 1402 2020 man
1422 1988 1486 2020 das
1507 1986 1641 2020 Urlbeil
1654 1999 1727 2020 aas.

1049 2040 1167 2074 Immo
1184 2051 1313 2073 munus
1334 2038 1487 2073 censoris
1512 2037 1726 2084 intellige-nd.

1049 2091 1241 2126 Suetonius
1255 2116 1264 2134 ‚
1286 2090 1432 2134 August.
1451 2103 1490 2135 ²7
1509 2103 1517 2124 :
1540 2106 1555 2119 u
1584 2090 1729 2135 Recepit

1048 2150 1082 2178 et
1098 2155 1239 2177 morum
1262 2141 1449 2188 legumque
1467 2142 1635 2187 regimen.
1654 2157 1670 2169 u
1686 2161 1728 2167 —

1050 2194 1106 2231 De
1131 2195 1162 2229 vi
1188 2194 1291 2240 hujus
1316 2196 1463 2239 exempli
1480 2201 1572 2229 recte
1601 2194 1730 2237 judicat

1051 2246 1207 2290 Plinius,
1226 2260 1348 2293 paneg.
1367 2250 1406 2291 45
1426 2259 1469 2282 :a
1490 2247 1574 2282 Vita
1598 2247 1729 2292 princi-

1051 2314 1069 2331 »
1086 2299 1136 2346 pis
1152 2312 1299 2334 censura
1316 2306 1368 2335 cst
1380 2326 1389 2342 ‚
1405 2311 1515 2345 eaque
1533 2306 1701 2344 perpetua
1719 2313 1727 2337 ;

1050 2365 1070 2383 ⁸·
1088 2351 1131 2387 ad
1152 2352 1241 2386 lianc
1259 2351 1464 2398 dirigimur,
1479 2350 1521 2385 ad
1542 2350 1630 2385 lianc
1642 2364 1729 2385 con-

1051 2419 1070 2436 »
1087 2405 1259 2439 vertimur
1274 2417 1282 2439 ε
1305 2417 1370 2439 nec
1385 2410 1454 2438 tam
1468 2403 1615 2449 imperio
1631 2404 1729 2438 nobis

1052 2474 1070 2489 ιι
1088 2471 1190 2505 opus,
1206 2470 1310 2504 quam
1324 2456 1492 2502 exemplo.
1509 2459 1594 2491 ιι--Ι
1603 2459 1728 2494 ἰἠλτιε

1050 2511 1098 2547 sic
1113 2511 1219 2546 etiam
1239 2510 1252 2545 l
1266 2509 1412 2545 Metam.
1428 2511 1471 2557 89
1487 2522 1494 2543 z
1509 2523 1597 2554 qne,
1616 2511 1729 2543 w'aedo‘-

1050 2557 1094 2599 (τ’
1104 2565 1198 2599 nullo
1209 2589 1218 2603 ,
1230 2563 1339 2608 fide·
1353 2568 1539 2606 meumque
1553 2563 1693 2597 colebat.

1095 2615 1171 2662 5⁴9.
1195 2615 1265 2649 Die
1275 2617 1441 2658 sequenti.
1460 2614 1495 2648 in
1516 2612 1729 2648 Kalendario

1052 2669 1147 2702 nulla
1162 2672 1259 2705 nola.
1276 2665 1363 2701 nibil
1379 2673 1538 2701 notatum
1552 2673 1622 2708 est,
1635 2664 1729 2710 quod

1052 2720 1182 2757 de'ceoe.
1211 2719 1367 2753 carniine
1393 2731 1557 2754 enarrare
1578 2745 1588 2762 ‚
1614 2718 1730 2764 possis.

1054 2769 1221 2807 Heinsius
1231 2783 1272 2807 ex
1285 2769 1457 2806 vossiano
1472 2777 1508 2806 et
1522 2770 1645 2806 decem
1658 2769 1735 2805 aliis
