<?xml version="1.0" encoding="UTF-8"?>
<!DOCTYPE html PUBLIC "-//W3C//DTD XHTML 1.0 Transitional//EN"
    "http://www.w3.org/TR/xhtml1/DTD/xhtml1-transitional.dtd">
<html xmlns="http://www.w3.org/1999/xhtml" xml:lang="en" lang="en">
 <head>
  <title>
</title>
<meta http-equiv="Content-Type" content="text/html;charset=utf-8" />
  <meta name='ocr-system' content='tesseract 3.04.00' />
  <meta name='ocr-capabilities' content='ocr_page ocr_carea ocr_par ocr_line ocrx_word'/>
</head>
<body>
  <div class='ocr_page' id='page_1' title='image "./quaeextantomniao06oviduoft_0239.png"; bbox 0 0 1826 3054; ppageno 0'>
   <div class='ocr_carea' id='block_1_1' title="bbox 500 226 1221 274">
    <p class='ocr_par' dir='ltr' id='par_1_1' title="bbox 500 226 1221 274">
     <span class='ocr_line' id='line_1_1' title="bbox 500 226 1221 274; baseline 0.006 -4"><span class='ocrx_word' id='word_1_1' title='bbox 500 226 914 271; x_wconf 85' lang='lat' dir='ltr'><strong>FASTORUM</strong></span> <span class='ocrx_word' id='word_1_2' title='bbox 946 229 1078 273; x_wconf 90' lang='lat' dir='ltr'>LIB.</span> <span class='ocrx_word' id='word_1_3' title='bbox 1117 232 1221 274; x_wconf 84' lang='lat'><em>111.</em></span> 
     </span>
    </p>
   </div>
   <div class='ocr_carea' id='block_1_2' title="bbox 162 318 1309 385">
    <p class='ocr_par' dir='ltr' id='par_1_2' title="bbox 162 318 1309 385">
     <span class='ocr_line' id='line_1_2' title="bbox 162 318 1309 385; baseline 0.004 -19"><span class='ocrx_word' id='word_1_4' title='bbox 162 320 201 366; x_wconf 82' lang='lat' dir='ltr'>A</span> <span class='ocrx_word' id='word_1_5' title='bbox 226 335 498 385; x_wconf 78' lang='lat' dir='ltr'>quacumque</span> <span class='ocrx_word' id='word_1_6' title='bbox 521 318 659 367; x_wconf 81' lang='lat' dir='ltr'>trahis</span> <span class='ocrx_word' id='word_1_7' title='bbox 681 319 851 368; x_wconf 86' lang='lat' dir='ltr'>ratione</span> <span class='ocrx_word' id='word_1_8' title='bbox 874 319 1086 369; x_wconf 82' lang='lat' dir='ltr'>vocabula</span> <span class='ocrx_word' id='word_1_9' title='bbox 1100 358 1113 378; x_wconf 93' lang='lat'>‚</span> <span class='ocrx_word' id='word_1_10' title='bbox 1136 321 1280 371; x_wconf 84' lang='lat' dir='ltr'>Pallas</span> <span class='ocrx_word' id='word_1_11' title='bbox 1295 362 1309 383; x_wconf 85' lang='lat'>‚</span> 
     </span>
    </p>
   </div>
   <div class='ocr_carea' id='block_1_3' title="bbox 1485 237 1570 278">
    <p class='ocr_par' dir='ltr' id='par_1_3' title="bbox 1485 237 1570 278">
     <span class='ocr_line' id='line_1_3' title="bbox 1485 237 1570 278; baseline 0 -1"><span class='ocrx_word' id='word_1_12' title='bbox 1485 237 1570 278; x_wconf 83' lang='lat'>225</span> 
     </span>
    </p>
   </div>
   <div class='ocr_carea' id='block_1_4' title="bbox 164 394 1277 540">
    <p class='ocr_par' dir='ltr' id='par_1_4' title="bbox 164 394 1277 540">
     <span class='ocr_line' id='line_1_4' title="bbox 226 394 1213 464; baseline 0.004 -21"><span class='ocrx_word' id='word_1_13' title='bbox 226 397 314 443; x_wconf 91' lang='lat' dir='ltr'>Pro</span> <span class='ocrx_word' id='word_1_14' title='bbox 339 394 525 444; x_wconf 88' lang='lat' dir='ltr'>ducibus</span> <span class='ocrx_word' id='word_1_15' title='bbox 548 396 714 445; x_wconf 79' lang='lat' dir='ltr'>nostris</span> <span class='ocrx_word' id='word_1_16' title='bbox 733 397 872 460; x_wconf 76' lang='lat' dir='ltr'>aegida</span> <span class='ocrx_word' id='word_1_17' title='bbox 893 415 1065 464; x_wconf 81' lang='lat' dir='ltr'>semper</span> <span class='ocrx_word' id='word_1_18' title='bbox 1086 398 1213 447; x_wconf 82' lang='lat' dir='ltr'><strong>habe.</strong></span> 
     </span>
     <span class='ocr_line' id='line_1_5' title="bbox 164 472 1277 540; baseline 0.005 -20"><span class='ocrx_word' id='word_1_19' title='bbox 164 473 341 521; x_wconf 79' lang='lat' dir='ltr'>Summa</span> <span class='ocrx_word' id='word_1_20' title='bbox 361 472 455 522; x_wconf 85' lang='lat' dir='ltr'>dies</span> <span class='ocrx_word' id='word_1_21' title='bbox 476 491 499 521; x_wconf 93' lang='lat' dir='ltr'>e</span> <span class='ocrx_word' id='word_1_22' title='bbox 520 473 716 540; x_wconf 87' lang='lat' dir='ltr'>quinque</span> <span class='ocrx_word' id='word_1_23' title='bbox 738 474 868 523; x_wconf 86' lang='lat' dir='ltr'>tubas</span> <span class='ocrx_word' id='word_1_24' title='bbox 891 474 1075 524; x_wconf 85' lang='lat' dir='ltr'>lustrare</span> <span class='ocrx_word' id='word_1_25' title='bbox 1094 495 1277 526; x_wconf 87' lang='lat' dir='ltr'>canoras</span> 
     </span>
    </p>
   </div>
   <div class='ocr_carea' id='block_1_5' title="bbox 227 549 1064 608">
    <p class='ocr_par' dir='ltr' id='par_1_5' title="bbox 227 549 1064 608">
     <span class='ocr_line' id='line_1_6' title="bbox 227 549 1064 608; baseline 0.006 -11"><span class='ocrx_word' id='word_1_26' title='bbox 227 549 474 608; x_wconf 88' lang='lat' dir='ltr'>Admonet,</span> <span class='ocrx_word' id='word_1_27' title='bbox 499 562 545 599; x_wconf 89' lang='lat' dir='ltr'>et</span> <span class='ocrx_word' id='word_1_28' title='bbox 563 550 668 599; x_wconf 89' lang='lat' dir='ltr'>sorti</span> <span class='ocrx_word' id='word_1_29' title='bbox 687 551 924 601; x_wconf 86' lang='lat' dir='ltr'>sacrificare</span> <span class='ocrx_word' id='word_1_30' title='bbox 948 554 1064 602; x_wconf 78' lang='lat' dir='ltr'>Deae.</span> 
     </span>
    </p>
   </div>
   <div class='ocr_carea' id='block_1_6' title="bbox 161 627 1243 917">
    <p class='ocr_par' dir='ltr' id='par_1_6' title="bbox 161 627 1223 840">
     <span class='ocr_line' id='line_1_7' title="bbox 161 627 1213 692; baseline 0.002 -18"><span class='ocrx_word' id='word_1_31' title='bbox 161 627 290 675; x_wconf 85' lang='lat' dir='ltr'>Nunc</span> <span class='ocrx_word' id='word_1_32' title='bbox 315 639 444 692; x_wconf 87' lang='lat' dir='ltr'>potes</span> <span class='ocrx_word' id='word_1_33' title='bbox 465 627 520 675; x_wconf 84' lang='lat' dir='ltr'>ad</span> <span class='ocrx_word' id='word_1_34' title='bbox 540 627 677 676; x_wconf 88' lang='lat' dir='ltr'>solem</span> <span class='ocrx_word' id='word_1_35' title='bbox 699 627 875 677; x_wconf 85' lang='lat' dir='ltr'>sublato</span> <span class='ocrx_word' id='word_1_36' title='bbox 900 628 1040 678; x_wconf 87' lang='lat' dir='ltr'>dicere</span> <span class='ocrx_word' id='word_1_37' title='bbox 1061 627 1213 686; x_wconf 85' lang='lat' dir='ltr'>vultu;</span> 
     </span>
     <span class='ocr_line' id='line_1_8' title="bbox 228 703 1158 772; baseline 0 -21"><span class='ocrx_word' id='word_1_38' title='bbox 228 705 314 752; x_wconf 85' lang='lat' dir='ltr'>Hic</span> <span class='ocrx_word' id='word_1_39' title='bbox 333 704 440 753; x_wconf 87' lang='lat' dir='ltr'>here</span> <span class='ocrx_word' id='word_1_40' title='bbox 462 704 671 772; x_wconf 80' lang='lat' dir='ltr'>Phryxeae</span> <span class='ocrx_word' id='word_1_41' title='bbox 691 703 849 754; x_wconf 88' lang='lat' dir='ltr'>vellera</span> <span class='ocrx_word' id='word_1_42' title='bbox 868 705 1029 771; x_wconf 81' lang='lat' dir='ltr'>pressit</span> <span class='ocrx_word' id='word_1_43' title='bbox 1052 705 1158 753; x_wconf 86' lang='lat' dir='ltr'>ovis.</span> 
     </span>
     <span class='ocr_line' id='line_1_9' title="bbox 166 782 1223 840; baseline 0 -10"><span class='ocrx_word' id='word_1_44' title='bbox 166 782 415 831; x_wconf 76' lang='lat' dir='ltr'>Seminibus</span> <span class='ocrx_word' id='word_1_45' title='bbox 435 783 566 831; x_wconf 87' lang='lat' dir='ltr'>tostis</span> <span class='ocrx_word' id='word_1_46' title='bbox 590 782 805 831; x_wconf 70' lang='lat' dir='ltr'>sceleratae</span> <span class='ocrx_word' id='word_1_47' title='bbox 826 782 979 831; x_wconf 71' lang='lat' dir='ltr'>flaude</span> <span class='ocrx_word' id='word_1_48' title='bbox 1001 800 1223 840; x_wconf 70' lang='lat' dir='ltr'>novercae,</span> 
     </span>
    </p>

    <p class='ocr_par' dir='ltr' id='par_1_7' title="bbox 229 856 1243 917">
     <span class='ocr_line' id='line_1_10' title="bbox 229 856 1243 917; baseline -0.001 -12"><span class='ocrx_word' id='word_1_49' title='bbox 229 856 475 907; x_wconf 84' lang='lat' dir='ltr'>Sustulerat</span> <span class='ocrx_word' id='word_1_50' title='bbox 494 857 661 917; x_wconf 86' lang='lat' dir='ltr'>nullas,</span> <span class='ocrx_word' id='word_1_51' title='bbox 682 869 734 906; x_wconf 89' lang='lat' dir='ltr'>ut</span> <span class='ocrx_word' id='word_1_52' title='bbox 755 857 871 906; x_wconf 89' lang='lat' dir='ltr'>solet</span> <span class='ocrx_word' id='word_1_53' title='bbox 885 895 898 915; x_wconf 92' lang='lat'>‚</span> <span class='ocrx_word' id='word_1_54' title='bbox 922 858 1058 906; x_wconf 87' lang='lat' dir='ltr'>herba</span> <span class='ocrx_word' id='word_1_55' title='bbox 1080 876 1243 906; x_wconf 86' lang='lat' dir='ltr'>comas.</span> 
     </span>
    </p>
   </div>
   <div class='ocr_carea' id='block_1_7' title="bbox 166 934 1308 1001">
    <p class='ocr_par' dir='ltr' id='par_1_8' title="bbox 166 934 1308 1001">
     <span class='ocr_line' id='line_1_11' title="bbox 166 934 1308 1001; baseline 0 -19"><span class='ocrx_word' id='word_1_56' title='bbox 166 935 364 983; x_wconf 77' lang='lat' dir='ltr'>Mittitur</span> <span class='ocrx_word' id='word_1_57' title='bbox 382 934 438 983; x_wconf 82' lang='lat' dir='ltr'>ad</span> <span class='ocrx_word' id='word_1_58' title='bbox 459 935 683 1001; x_wconf 83' lang='lat' dir='ltr'>tripodas,</span> <span class='ocrx_word' id='word_1_59' title='bbox 707 946 824 983; x_wconf 90' lang='lat' dir='ltr'>certa</span> <span class='ocrx_word' id='word_1_60' title='bbox 848 935 926 1000; x_wconf 83' lang='lat' dir='ltr'>qui</span> <span class='ocrx_word' id='word_1_61' title='bbox 948 947 1067 983; x_wconf 86' lang='lat' dir='ltr'>sorte</span> <span class='ocrx_word' id='word_1_62' title='bbox 1086 946 1283 1001; x_wconf 82' lang='lat' dir='ltr'>reportet</span> <span class='ocrx_word' id='word_1_63' title='bbox 1297 972 1308 992; x_wconf 92' lang='lat'><strong>‚</strong></span> 
     </span>
    </p>
   </div>
   <div class='ocr_carea' id='block_1_8' title="bbox 1514 950 1581 984">
    <p class='ocr_par' dir='ltr' id='par_1_9' title="bbox 1514 950 1581 984">
     <span class='ocr_line' id='line_1_12' title="bbox 1514 950 1581 984; baseline -0.03 0"><span class='ocrx_word' id='word_1_64' title='bbox 1514 950 1581 984; x_wconf 83' lang='lat'>855</span> 
     </span>
    </p>
   </div>
   <div class='ocr_carea' id='block_1_9' title="bbox 232 1011 1234 1078">
    <p class='ocr_par' dir='ltr' id='par_1_10' title="bbox 232 1011 1234 1078">
     <span class='ocr_line' id='line_1_13' title="bbox 232 1011 1234 1078; baseline -0.004 -16"><span class='ocrx_word' id='word_1_65' title='bbox 232 1014 379 1076; x_wconf 85' lang='lat' dir='ltr'>Quam</span> <span class='ocrx_word' id='word_1_66' title='bbox 399 1012 537 1061; x_wconf 88' lang='lat' dir='ltr'>sterili</span> <span class='ocrx_word' id='word_1_67' title='bbox 556 1025 681 1060; x_wconf 86' lang='lat' dir='ltr'>terrae</span> <span class='ocrx_word' id='word_1_68' title='bbox 702 1011 949 1078; x_wconf 86' lang='lat' dir='ltr'>Delphicus</span> <span class='ocrx_word' id='word_1_69' title='bbox 971 1011 1073 1060; x_wconf 86' lang='lat' dir='ltr'>edat</span> <span class='ocrx_word' id='word_1_70' title='bbox 1090 1030 1234 1077; x_wconf 88' lang='lat' dir='ltr'>opem.</span> 
     </span>
    </p>
   </div>
   <div class='ocr_carea' id='block_1_10' title="bbox 170 1115 859 2459">
    <p class='ocr_par' dir='ltr' id='par_1_11' title="bbox 170 1115 848 1525">
     <span class='ocr_line' id='line_1_14' title="bbox 171 1115 843 1162; baseline -0.003 -11"><span class='ocrx_word' id='word_1_71' title='bbox 171 1134 188 1148; x_wconf 80' lang='lat'>›-</span> <span class='ocrx_word' id='word_1_72' title='bbox 205 1117 356 1161; x_wconf 87' lang='lat' dir='ltr'>melius)</span> <span class='ocrx_word' id='word_1_73' title='bbox 372 1117 539 1162; x_wconf 85' lang='lat' dir='ltr'>expiatur.</span> <span class='ocrx_word' id='word_1_74' title='bbox 556 1130 574 1146; x_wconf 82' lang='lat'>²·</span> <span class='ocrx_word' id='word_1_75' title='bbox 598 1116 721 1161; x_wconf 83' lang='lat' dir='ltr'>Itaque</span> <span class='ocrx_word' id='word_1_76' title='bbox 742 1115 843 1150; x_wconf 89' lang='lat' dir='ltr'>Bur-</span> 
     </span>
     <span class='ocr_line' id='line_1_15' title="bbox 170 1167 845 1214; baseline -0.003 -10"><span class='ocrx_word' id='word_1_77' title='bbox 170 1182 320 1204; x_wconf 81' lang='lat' dir='ltr'>mannus</span> <span class='ocrx_word' id='word_1_78' title='bbox 335 1168 476 1214; x_wconf 86' lang='lat' dir='ltr'>conjicit</span> <span class='ocrx_word' id='word_1_79' title='bbox 491 1181 565 1202; x_wconf 85' lang='lat' dir='ltr'>voc.</span> <span class='ocrx_word' id='word_1_80' title='bbox 580 1170 669 1212; x_wconf 71' lang='lat' dir='ltr'>w&#39;31&#39;l</span> <span class='ocrx_word' id='word_1_81' title='bbox 681 1167 788 1202; x_wconf 81' lang='lat' dir='ltr'>latere</span> <span class='ocrx_word' id='word_1_82' title='bbox 807 1168 845 1202; x_wconf 89' lang='lat' dir='ltr'>in</span> 
     </span>
     <span class='ocr_line' id='line_1_16' title="bbox 170 1218 847 1266; baseline -0.004 -11"><span class='ocrx_word' id='word_1_83' title='bbox 170 1221 235 1256; x_wconf 81' lang='lat' dir='ltr'>illis</span> <span class='ocrx_word' id='word_1_84' title='bbox 250 1233 294 1255; x_wconf 74' lang='lat' dir='ltr'>et</span> <span class='ocrx_word' id='word_1_85' title='bbox 313 1223 390 1259; x_wconf 73' lang='lat' dir='ltr'><em>illo.</em></span> <span class='ocrx_word' id='word_1_86' title='bbox 415 1232 479 1266; x_wconf 86' lang='lat' dir='ltr'>pro</span> <span class='ocrx_word' id='word_1_87' title='bbox 496 1219 620 1264; x_wconf 84' lang='lat' dir='ltr'>quibus</span> <span class='ocrx_word' id='word_1_88' title='bbox 636 1219 673 1253; x_wconf 92' lang='lat' dir='ltr'>in</span> <span class='ocrx_word' id='word_1_89' title='bbox 690 1218 847 1264; x_wconf 80' lang='lat' dir='ltr'>plurimis</span> 
     </span>
     <span class='ocr_line' id='line_1_17' title="bbox 171 1270 848 1314; baseline -0.001 -9"><span class='ocrx_word' id='word_1_90' title='bbox 171 1270 248 1305; x_wconf 81' lang='lat' dir='ltr'>cod.</span> <span class='ocrx_word' id='word_1_91' title='bbox 257 1274 371 1305; x_wconf 73' lang='lat' dir='ltr'>exilio.</span> <span class='ocrx_word' id='word_1_92' title='bbox 382 1271 556 1306; x_wconf 72' lang='lat' dir='ltr'>Praeterea</span> <span class='ocrx_word' id='word_1_93' title='bbox 567 1283 586 1304; x_wconf 92' lang='lat' dir='ltr'>e</span> <span class='ocrx_word' id='word_1_94' title='bbox 599 1270 848 1314; x_wconf 49' lang='lat' dir='ltr'>Mararmanis</span> 
     </span>
     <span class='ocr_line' id='line_1_18' title="bbox 173 1320 848 1368; baseline -0.003 -12"><span class='ocrx_word' id='word_1_95' title='bbox 173 1322 411 1367; x_wconf 77' lang='lat' dir='ltr'>recipiendum</span> <span class='ocrx_word' id='word_1_96' title='bbox 433 1328 554 1368; x_wconf 82' lang='lat' dir='ltr'>putat,</span> <span class='ocrx_word' id='word_1_97' title='bbox 585 1328 622 1356; x_wconf 88' lang='lat' dir='ltr'>et</span> <span class='ocrx_word' id='word_1_98' title='bbox 645 1320 848 1355; x_wconf 82' lang='lat' dir='ltr'>subintelli-</span> 
     </span>
     <span class='ocr_line' id='line_1_19' title="bbox 173 1371 848 1420; baseline -0.001 -12"><span class='ocrx_word' id='word_1_99' title='bbox 173 1373 275 1420; x_wconf 78' lang='lat' dir='ltr'>gend.</span> <span class='ocrx_word' id='word_1_100' title='bbox 275 1373 375 1418; x_wconf 73' lang='lat' dir='ltr'>sums</span> <span class='ocrx_word' id='word_1_101' title='bbox 382 1388 394 1418; x_wconf 89' lang='lat'><em>;</em></span> <span class='ocrx_word' id='word_1_102' title='bbox 407 1373 502 1410; x_wconf 79' lang='lat' dir='ltr'>sures</span> <span class='ocrx_word' id='word_1_103' title='bbox 517 1372 671 1420; x_wconf 83' lang='lat' dir='ltr'>pendere</span> <span class='ocrx_word' id='word_1_104' title='bbox 682 1385 743 1407; x_wconf 83' lang='lat' dir='ltr'>sua</span> <span class='ocrx_word' id='word_1_105' title='bbox 754 1371 848 1407; x_wconf 81' lang='lat' dir='ltr'>furta</span> 
     </span>
     <span class='ocr_line' id='line_1_20' title="bbox 173 1427 846 1475; baseline -0.006 -12"><span class='ocrx_word' id='word_1_106' title='bbox 173 1440 273 1475; x_wconf 75' lang='lat' dir='ltr'>pena</span> <span class='ocrx_word' id='word_1_107' title='bbox 282 1427 492 1474; x_wconf 82' lang='lat' dir='ltr'>eapitis.—A</span> <span class='ocrx_word' id='word_1_108' title='bbox 497 1438 701 1472; x_wconf 75' lang='lat' dir='ltr'>quacunque</span> <span class='ocrx_word' id='word_1_109' title='bbox 706 1428 846 1467; x_wconf 69' lang='lat' dir='ltr'>nubae,</span> 
     </span>
     <span class='ocr_line' id='line_1_21' title="bbox 173 1481 430 1525; baseline -0.008 -9"><span class='ocrx_word' id='word_1_110' title='bbox 173 1481 430 1525; x_wconf 79' lang='lat' dir='ltr'>undecumque.</span> 
     </span>
    </p>

    <p class='ocr_par' dir='ltr' id='par_1_12' title="bbox 171 1529 859 2459">
     <span class='ocr_line' id='line_1_22' title="bbox 216 1529 849 1580; baseline -0.008 -11"><span class='ocrx_word' id='word_1_111' title='bbox 216 1535 291 1580; x_wconf 74' lang='lat'>8⁴9.</span> <span class='ocrx_word' id='word_1_112' title='bbox 319 1533 556 1567; x_wconf 59' lang='lat' dir='ltr'>Tnh‘ffltn&#39;ua</span> <span class='ocrx_word' id='word_1_113' title='bbox 571 1531 605 1565; x_wconf 89' lang='lat' dir='ltr'>X</span> <span class='ocrx_word' id='word_1_114' title='bbox 621 1529 701 1565; x_wconf 81' lang='lat' dir='ltr'>Kal.</span> <span class='ocrx_word' id='word_1_115' title='bbox 721 1529 849 1575; x_wconf 79' lang='lat' dir='ltr'>Aprilis</span> 
     </span>
     <span class='ocr_line' id='line_1_23' title="bbox 171 1581 849 1620; baseline -0.006 -1"><span class='ocrx_word' id='word_1_116' title='bbox 171 1585 243 1619; x_wconf 87' lang='lat' dir='ltr'>sive</span> <span class='ocrx_word' id='word_1_117' title='bbox 258 1584 314 1620; x_wconf 89' lang='lat' dir='ltr'>die</span> <span class='ocrx_word' id='word_1_118' title='bbox 331 1584 374 1618; x_wconf 81' lang='lat'>23</span> <span class='ocrx_word' id='word_1_119' title='bbox 389 1582 511 1618; x_wconf 82' lang='lat' dir='ltr'>Martii</span> <span class='ocrx_word' id='word_1_120' title='bbox 529 1582 637 1616; x_wconf 87' lang='lat' dir='ltr'>etiam</span> <span class='ocrx_word' id='word_1_121' title='bbox 651 1582 689 1616; x_wconf 87' lang='lat' dir='ltr'>in</span> <span class='ocrx_word' id='word_1_122' title='bbox 706 1581 849 1616; x_wconf 82' lang='lat' dir='ltr'>Kalen-</span> 
     </span>
     <span class='ocr_line' id='line_1_24' title="bbox 173 1633 850 1672; baseline -0.007 0"><span class='ocrx_word' id='word_1_123' title='bbox 173 1637 271 1672; x_wconf 77' lang='lat' dir='ltr'>dario</span> <span class='ocrx_word' id='word_1_124' title='bbox 288 1642 442 1670; x_wconf 81' lang='lat' dir='ltr'>notatur.</span> <span class='ocrx_word' id='word_1_125' title='bbox 458 1633 712 1669; x_wconf 78' lang='lat' dir='ltr'>Lustrabantur</span> <span class='ocrx_word' id='word_1_126' title='bbox 730 1640 850 1668; x_wconf 88' lang='lat' dir='ltr'>autem</span> 
     </span>
     <span class='ocr_line' id='line_1_25' title="bbox 174 1685 850 1723; baseline -0.009 1"><span class='ocrx_word' id='word_1_127' title='bbox 174 1688 265 1723; x_wconf 80' lang='lat' dir='ltr'>tubae</span> <span class='ocrx_word' id='word_1_128' title='bbox 284 1686 479 1723; x_wconf 84' lang='lat' dir='ltr'>secuudum</span> <span class='ocrx_word' id='word_1_129' title='bbox 495 1685 697 1720; x_wconf 83' lang='lat' dir='ltr'>Varronem</span> <span class='ocrx_word' id='word_1_130' title='bbox 715 1691 751 1719; x_wconf 89' lang='lat' dir='ltr'>et</span> <span class='ocrx_word' id='word_1_131' title='bbox 772 1685 850 1719; x_wconf 83' lang='lat' dir='ltr'>Fe-</span> 
     </span>
     <span class='ocr_line' id='line_1_26' title="bbox 172 1739 852 1783; baseline -0.006 -6"><span class='ocrx_word' id='word_1_132' title='bbox 172 1750 267 1778; x_wconf 82' lang='lat' dir='ltr'>stum</span> <span class='ocrx_word' id='word_1_133' title='bbox 286 1743 324 1777; x_wconf 84' lang='lat' dir='ltr'>in</span> <span class='ocrx_word' id='word_1_134' title='bbox 342 1742 431 1777; x_wconf 86' lang='lat' dir='ltr'>atrio</span> <span class='ocrx_word' id='word_1_135' title='bbox 444 1740 602 1783; x_wconf 79' lang='lat' dir='ltr'>Sutorio.</span> <span class='ocrx_word' id='word_1_136' title='bbox 616 1758 662 1766; x_wconf 94' lang='lat'>—-</span> <span class='ocrx_word' id='word_1_137' title='bbox 676 1739 749 1774; x_wconf 91' lang='lat' dir='ltr'>Pro</span> <span class='ocrx_word' id='word_1_138' title='bbox 768 1740 852 1773; x_wconf 76' lang='lat' dir='ltr'>Dee</span> 
     </span>
     <span class='ocr_line' id='line_1_27' title="bbox 177 1790 851 1836; baseline -0.009 -6"><span class='ocrx_word' id='word_1_139' title='bbox 177 1794 297 1830; x_wconf 80' lang='lat' dir='ltr'>Ursin.</span> <span class='ocrx_word' id='word_1_140' title='bbox 322 1793 492 1829; x_wconf 75' lang='lat' dir='ltr'>Mazarin.</span> <span class='ocrx_word' id='word_1_141' title='bbox 514 1799 552 1827; x_wconf 90' lang='lat' dir='ltr'>et</span> <span class='ocrx_word' id='word_1_142' title='bbox 570 1805 589 1826; x_wconf 83' lang='lat' dir='ltr'>a</span> <span class='ocrx_word' id='word_1_143' title='bbox 610 1804 719 1826; x_wconf 85' lang='lat' dir='ltr'>manu</span> <span class='ocrx_word' id='word_1_144' title='bbox 737 1790 851 1836; x_wconf 83' lang='lat' dir='ltr'>prima</span> 
     </span>
     <span class='ocr_line' id='line_1_28' title="bbox 178 1843 850 1888; baseline -0.007 -8"><span class='ocrx_word' id='word_1_145' title='bbox 178 1845 312 1880; x_wconf 83' lang='lat' dir='ltr'>Zulich.</span> <span class='ocrx_word' id='word_1_146' title='bbox 329 1847 403 1880; x_wconf 83' lang='lat' dir='ltr'>Deo</span> <span class='ocrx_word' id='word_1_147' title='bbox 415 1871 424 1885; x_wconf 92' lang='lat'><strong><em>‚</em></strong></span> <span class='ocrx_word' id='word_1_148' title='bbox 448 1851 488 1879; x_wconf 86' lang='lat' dir='ltr'>ut</span> <span class='ocrx_word' id='word_1_149' title='bbox 503 1844 602 1879; x_wconf 84' lang='lat' dir='ltr'>Mars</span> <span class='ocrx_word' id='word_1_150' title='bbox 618 1843 850 1888; x_wconf 69' lang='lat' dir='ltr'>intelligatur,</span> 
     </span>
     <span class='ocr_line' id='line_1_29' title="bbox 176 1894 852 1941; baseline -0.006 -9"><span class='ocrx_word' id='word_1_151' title='bbox 176 1898 232 1932; x_wconf 86' lang='lat' dir='ltr'>cui</span> <span class='ocrx_word' id='word_1_152' title='bbox 247 1909 343 1932; x_wconf 79' lang='lat' dir='ltr'>sacra</span> <span class='ocrx_word' id='word_1_153' title='bbox 353 1896 487 1931; x_wconf 74' lang='lat' dir='ltr'>fuerint</span> <span class='ocrx_word' id='word_1_154' title='bbox 498 1895 572 1931; x_wconf 67' lang='lat' dir='ltr'>hoc</span> <span class='ocrx_word' id='word_1_155' title='bbox 586 1895 702 1941; x_wconf 83' lang='lat' dir='ltr'>priora</span> <span class='ocrx_word' id='word_1_156' title='bbox 713 1894 852 1929; x_wconf 89' lang='lat' dir='ltr'>tubilu-</span> 
     </span>
     <span class='ocr_line' id='line_1_30' title="bbox 177 1947 853 1993; baseline -0.007 -7"><span class='ocrx_word' id='word_1_157' title='bbox 177 1951 260 1986; x_wconf 79' lang='lat' dir='ltr'>stria</span> <span class='ocrx_word' id='word_1_158' title='bbox 269 1977 280 1993; x_wconf 86' lang='lat'><em>,</em></span> <span class='ocrx_word' id='word_1_159' title='bbox 288 1957 327 1985; x_wconf 94' lang='lat' dir='ltr'>ut</span> <span class='ocrx_word' id='word_1_160' title='bbox 337 1949 444 1984; x_wconf 84' lang='lat' dir='ltr'>altera</span> <span class='ocrx_word' id='word_1_161' title='bbox 451 1948 581 1984; x_wconf 74' lang='lat' dir='ltr'>mensis</span> <span class='ocrx_word' id='word_1_162' title='bbox 586 1948 675 1983; x_wconf 79' lang='lat' dir='ltr'>Maii</span> <span class='ocrx_word' id='word_1_163' title='bbox 682 1947 853 1982; x_wconf 77' lang='lat' dir='ltr'>Vulcano.</span> 
     </span>
     <span class='ocr_line' id='line_1_31' title="bbox 181 1999 853 2044; baseline -0.006 -8"><span class='ocrx_word' id='word_1_164' title='bbox 181 2001 224 2036; x_wconf 86' lang='lat' dir='ltr'>Ei</span> <span class='ocrx_word' id='word_1_165' title='bbox 242 2001 381 2036; x_wconf 85' lang='lat' dir='ltr'>lectioni</span> <span class='ocrx_word' id='word_1_166' title='bbox 397 2012 479 2035; x_wconf 80' lang='lat' dir='ltr'>sane</span> <span class='ocrx_word' id='word_1_167' title='bbox 494 1999 710 2044; x_wconf 75' lang='lat' dir='ltr'>aliquantum</span> <span class='ocrx_word' id='word_1_168' title='bbox 726 2005 853 2033; x_wconf 81' lang='lat' dir='ltr'>aucto-</span> 
     </span>
     <span class='ocr_line' id='line_1_32' title="bbox 180 2049 853 2097; baseline -0.007 -9"><span class='ocrx_word' id='word_1_169' title='bbox 180 2053 291 2088; x_wconf 83' lang='lat' dir='ltr'>ritatis</span> <span class='ocrx_word' id='word_1_170' title='bbox 315 2050 452 2087; x_wconf 80' lang='lat' dir='ltr'>addunt</span> <span class='ocrx_word' id='word_1_171' title='bbox 475 2050 623 2086; x_wconf 84' lang='lat' dir='ltr'>Verrius</span> <span class='ocrx_word' id='word_1_172' title='bbox 645 2057 683 2084; x_wconf 89' lang='lat' dir='ltr'>et</span> <span class='ocrx_word' id='word_1_173' title='bbox 709 2049 853 2097; x_wconf 74' lang='lat' dir='ltr'>Lydus,</span> 
     </span>
     <span class='ocr_line' id='line_1_33' title="bbox 179 2101 856 2150; baseline -0.006 -11"><span class='ocrx_word' id='word_1_174' title='bbox 179 2116 333 2150; x_wconf 83' lang='lat' dir='ltr'>quorum</span> <span class='ocrx_word' id='word_1_175' title='bbox 343 2102 399 2138; x_wconf 87' lang='lat' dir='ltr'>ille</span> <span class='ocrx_word' id='word_1_176' title='bbox 408 2129 420 2146; x_wconf 87' lang='lat'>,</span> <span class='ocrx_word' id='word_1_177' title='bbox 435 2105 539 2138; x_wconf 72' lang='lat' dir='ltr'>Ferte</span> <span class='ocrx_word' id='word_1_178' title='bbox 550 2103 675 2142; x_wconf 67' lang='lat' dir='ltr'>Harii,</span> <span class='ocrx_word' id='word_1_179' title='bbox 695 2101 752 2135; x_wconf 89' lang='lat' dir='ltr'>hic</span> <span class='ocrx_word' id='word_1_180' title='bbox 761 2126 772 2144; x_wconf 92' lang='lat'>,</span> <span class='ocrx_word' id='word_1_181' title='bbox 789 2106 856 2136; x_wconf 58' lang='lat' dir='ltr'>Ka-</span> 
     </span>
     <span class='ocr_line' id='line_1_34' title="bbox 181 2145 856 2206; baseline -0.009 -14"><span class='ocrx_word' id='word_1_182' title='bbox 181 2159 290 2206; x_wconf 65' lang='grc' dir='ltr'>θιρμὶς</span> <span class='ocrx_word' id='word_1_183' title='bbox 307 2160 469 2200; x_wconf 66' lang='grc' dir='ltr'>σιλείγγος</span> <span class='ocrx_word' id='word_1_184' title='bbox 479 2181 490 2195; x_wconf 84' lang='grc'><strong>,</strong></span> <span class='ocrx_word' id='word_1_185' title='bbox 516 2160 610 2198; x_wconf 59' lang='grc' dir='ltr'><strong><em>τιμαὶ</em></strong></span> <span class='ocrx_word' id='word_1_186' title='bbox 623 2145 711 2203; x_wconf 52' lang='lat' dir='ltr'>Apias</span> <span class='ocrx_word' id='word_1_187' title='bbox 727 2158 780 2188; x_wconf 74' lang='grc' dir='ltr'>καὶ</span> <span class='ocrx_word' id='word_1_188' title='bbox 794 2159 856 2187; x_wconf 75' lang='grc' dir='ltr'>Νε-</span> 
     </span>
     <span class='ocr_line' id='line_1_35' title="bbox 180 2202 859 2256; baseline -0.007 -14"><span class='ocrx_word' id='word_1_189' title='bbox 180 2212 273 2256; x_wconf 67' lang='grc' dir='ltr'><strong><em>ρίνις.</em></strong></span> <span class='ocrx_word' id='word_1_190' title='bbox 289 2206 413 2252; x_wconf 84' lang='lat' dir='ltr'>Itaque</span> <span class='ocrx_word' id='word_1_191' title='bbox 424 2205 554 2241; x_wconf 81' lang='lat' dir='ltr'>Gesen.</span> <span class='ocrx_word' id='word_1_192' title='bbox 566 2218 600 2250; x_wconf 86' lang='lat' dir='ltr'>p.</span> <span class='ocrx_word' id='word_1_193' title='bbox 615 2205 657 2240; x_wconf 84' lang='lat'>33</span> <span class='ocrx_word' id='word_1_194' title='bbox 668 2216 743 2238; x_wconf 87' lang='lat' dir='ltr'>nou</span> <span class='ocrx_word' id='word_1_195' title='bbox 753 2202 859 2238; x_wconf 81' lang='lat' dir='ltr'>dubi-</span> 
     </span>
     <span class='ocr_line' id='line_1_36' title="bbox 182 2255 858 2304; baseline -0.004 -11"><span class='ocrx_word' id='word_1_196' title='bbox 182 2267 231 2295; x_wconf 84' lang='lat' dir='ltr'>tat</span> <span class='ocrx_word' id='word_1_197' title='bbox 255 2271 334 2299; x_wconf 74' lang='lat' dir='ltr'>eam</span> <span class='ocrx_word' id='word_1_198' title='bbox 355 2258 518 2304; x_wconf 66' lang='lat' dir='ltr'>preferre</span> <span class='ocrx_word' id='word_1_199' title='bbox 537 2257 683 2303; x_wconf 71' lang='lat' dir='ltr'>vulgate</span> <span class='ocrx_word' id='word_1_200' title='bbox 701 2269 709 2290; x_wconf 90' lang='lat'>:</span> <span class='ocrx_word' id='word_1_201' title='bbox 725 2255 785 2291; x_wconf 81' lang='lat' dir='ltr'>sed</span> <span class='ocrx_word' id='word_1_202' title='bbox 804 2256 858 2290; x_wconf 79' lang='lat' dir='ltr'>vir</span> 
     </span>
     <span class='ocr_line' id='line_1_37' title="bbox 182 2307 856 2355; baseline -0.006 -11"><span class='ocrx_word' id='word_1_203' title='bbox 182 2308 346 2344; x_wconf 82' lang='lat' dir='ltr'>doctusin</span> <span class='ocrx_word' id='word_1_204' title='bbox 357 2308 657 2355; x_wconf 81' lang='lat' dir='ltr'>Ephem.Halens.</span> <span class='ocrx_word' id='word_1_205' title='bbox 665 2319 747 2341; x_wconf 83' lang='lat' dir='ltr'>ann.</span> <span class='ocrx_word' id='word_1_206' title='bbox 759 2307 856 2348; x_wconf 82' lang='lat'>1808,</span> 
     </span>
     <span class='ocr_line' id='line_1_38' title="bbox 184 2358 858 2405; baseline -0.003 -11"><span class='ocrx_word' id='word_1_207' title='bbox 184 2373 219 2395; x_wconf 84' lang='lat' dir='ltr'>n.</span> <span class='ocrx_word' id='word_1_208' title='bbox 233 2362 274 2405; x_wconf 73' lang='lat'>74</span> <span class='ocrx_word' id='word_1_209' title='bbox 283 2386 295 2403; x_wconf 86' lang='lat'>,</span> <span class='ocrx_word' id='word_1_210' title='bbox 311 2360 402 2396; x_wconf 78' lang='lat' dir='ltr'>hanc</span> <span class='ocrx_word' id='word_1_211' title='bbox 413 2367 531 2395; x_wconf 89' lang='lat' dir='ltr'>tuetur</span> <span class='ocrx_word' id='word_1_212' title='bbox 542 2386 554 2404; x_wconf 83' lang='lat'>,</span> <span class='ocrx_word' id='word_1_213' title='bbox 570 2367 608 2394; x_wconf 92' lang='lat' dir='ltr'>ut</span> <span class='ocrx_word' id='word_1_214' title='bbox 609 2359 717 2403; x_wconf 79' lang='lat' dir='ltr'>sortis</span> <span class='ocrx_word' id='word_1_215' title='bbox 726 2360 803 2393; x_wconf 86' lang='lat' dir='ltr'>Dea</span> <span class='ocrx_word' id='word_1_216' title='bbox 813 2358 858 2393; x_wconf 82' lang='lat' dir='ltr'>sit</span> 
     </span>
     <span class='ocr_line' id='line_1_39' title="bbox 184 2412 857 2459; baseline -0.006 -10"><span class='ocrx_word' id='word_1_217' title='bbox 184 2414 238 2449; x_wconf 80' lang='lat' dir='ltr'>vel</span> <span class='ocrx_word' id='word_1_218' title='bbox 266 2414 427 2449; x_wconf 77' lang='lat' dir='ltr'>Minerva</span> <span class='ocrx_word' id='word_1_219' title='bbox 445 2441 456 2458; x_wconf 83' lang='lat'><em>,</em></span> <span class='ocrx_word' id='word_1_220' title='bbox 484 2414 539 2448; x_wconf 77' lang='lat' dir='ltr'>vel</span> <span class='ocrx_word' id='word_1_221' title='bbox 561 2413 678 2459; x_wconf 84' lang='lat' dir='ltr'>potius</span> <span class='ocrx_word' id='word_1_222' title='bbox 701 2412 857 2453; x_wconf 81' lang='lat' dir='ltr'>Nerine,</span> 
     </span>
    </p>
   </div>
   <div class='ocr_carea' id='block_1_11' title="bbox 185 2465 869 2512">
    <p class='ocr_par' dir='ltr' id='par_1_13' title="bbox 185 2465 869 2512">
     <span class='ocr_line' id='line_1_40' title="bbox 185 2465 869 2512; baseline -0.003 -11"><span class='ocrx_word' id='word_1_223' title='bbox 185 2467 312 2502; x_wconf 80' lang='lat' dir='ltr'>Martis</span> <span class='ocrx_word' id='word_1_224' title='bbox 331 2480 427 2503; x_wconf 83' lang='lat' dir='ltr'>uxor.</span> <span class='ocrx_word' id='word_1_225' title='bbox 452 2468 542 2503; x_wconf 85' lang='lat' dir='ltr'>Eam</span> <span class='ocrx_word' id='word_1_226' title='bbox 560 2468 658 2502; x_wconf 81' lang='lat' dir='ltr'>enim</span> <span class='ocrx_word' id='word_1_227' title='bbox 679 2479 699 2502; x_wconf 91' lang='lat' dir='ltr'>e</span> <span class='ocrx_word' id='word_1_228' title='bbox 719 2465 869 2512; x_wconf 67' lang='lat' dir='ltr'>propria,</span> 
     </span>
    </p>
   </div>
   <div class='ocr_carea' id='block_1_12' title="bbox 185 2518 861 2771">
    <p class='ocr_par' dir='ltr' id='par_1_14' title="bbox 185 2518 861 2771">
     <span class='ocr_line' id='line_1_41' title="bbox 185 2518 860 2565; baseline -0.001 -13"><span class='ocrx_word' id='word_1_229' title='bbox 185 2519 339 2554; x_wconf 82' lang='lat' dir='ltr'>nominis</span> <span class='ocrx_word' id='word_1_230' title='bbox 353 2519 407 2554; x_wconf 75' lang='lat' dir='ltr'>mi</span> <span class='ocrx_word' id='word_1_231' title='bbox 421 2518 543 2555; x_wconf 77' lang='lat' dir='ltr'>Sabini</span> <span class='ocrx_word' id='word_1_232' title='bbox 557 2525 726 2565; x_wconf 74' lang='lat' dir='ltr'>potestate</span> <span class='ocrx_word' id='word_1_233' title='bbox 732 2519 860 2563; x_wconf 66' lang='lat' dir='ltr'>forum</span> 
     </span>
     <span class='ocr_line' id='line_1_42' title="bbox 186 2570 861 2620; baseline 0 -16"><span class='ocrx_word' id='word_1_234' title='bbox 186 2572 297 2605; x_wconf 72' lang='lat' dir='ltr'>Deua</span> <span class='ocrx_word' id='word_1_235' title='bbox 312 2570 381 2605; x_wconf 83' lang='lat' dir='ltr'>dici</span> <span class='ocrx_word' id='word_1_236' title='bbox 399 2583 507 2616; x_wconf 78' lang='lat' dir='ltr'>posse.</span> <span class='ocrx_word' id='word_1_237' title='bbox 522 2571 641 2619; x_wconf 80' lang='lat' dir='ltr'>Lydus</span> <span class='ocrx_word' id='word_1_238' title='bbox 660 2583 670 2611; x_wconf 84' lang='lat'>;</span> <span class='ocrx_word' id='word_1_239' title='bbox 689 2575 786 2620; x_wconf 69' lang='grc' dir='ltr'>νιρίνη</span> <span class='ocrx_word' id='word_1_240' title='bbox 802 2572 861 2618; x_wconf 62' lang='grc' dir='ltr'>γὰρ</span> 
     </span>
     <span class='ocr_line' id='line_1_43' title="bbox 190 2622 706 2671; baseline -0.004 -14"><span class='ocrx_word' id='word_1_241' title='bbox 190 2628 205 2664; x_wconf 63' lang='grc' dir='ltr'><strong><em>ἦ</em></strong></span> <span class='ocrx_word' id='word_1_242' title='bbox 223 2623 552 2671; x_wconf 49' lang='lat' dir='ltr'>&amp;vespm—Sanno,</span> <span class='ocrx_word' id='word_1_243' title='bbox 573 2622 706 2657; x_wconf 85' lang='lat' dir='ltr'>ultima.</span> 
     </span>
     <span class='ocr_line' id='line_1_44' title="bbox 231 2674 860 2719; baseline -0.002 -11"><span class='ocrx_word' id='word_1_244' title='bbox 231 2674 397 2718; x_wconf 78' lang='lat'>851-876.</span> <span class='ocrx_word' id='word_1_245' title='bbox 424 2675 487 2708; x_wconf 84' lang='lat' dir='ltr'>Sol</span> <span class='ocrx_word' id='word_1_246' title='bbox 509 2677 695 2719; x_wconf 64' lang='lat' dir='ltr'>Inprditur</span> <span class='ocrx_word' id='word_1_247' title='bbox 714 2676 860 2707; x_wconf 70' lang='lat' dir='ltr'>arielem.</span> 
     </span>
     <span class='ocr_line' id='line_1_45' title="bbox 191 2725 861 2771; baseline -0.001 -11"><span class='ocrx_word' id='word_1_248' title='bbox 191 2727 309 2770; x_wconf 72' lang='lat' dir='ltr'>Hujus</span> <span class='ocrx_word' id='word_1_249' title='bbox 326 2725 447 2761; x_wconf 77' lang='lat' dir='ltr'>sideris</span> <span class='ocrx_word' id='word_1_250' title='bbox 466 2726 563 2771; x_wconf 79' lang='lat' dir='ltr'>origo</span> <span class='ocrx_word' id='word_1_251' title='bbox 581 2734 755 2770; x_wconf 74' lang='lat' dir='ltr'>narratur.</span> <span class='ocrx_word' id='word_1_252' title='bbox 773 2725 839 2760; x_wconf 80' lang='lat' dir='ltr'>Ino</span> <span class='ocrx_word' id='word_1_253' title='bbox 850 2751 861 2770; x_wconf 80' lang='lat'>,</span> 
     </span>
    </p>
   </div>
   <div class='ocr_carea' id='block_1_13' title="bbox 348 2793 434 2835">
    <p class='ocr_par' dir='ltr' id='par_1_15' title="bbox 348 2793 434 2835">
     <span class='ocr_line' id='line_1_46' title="bbox 348 2793 434 2835; baseline 0.012 -1"><span class='ocrx_word' id='word_1_254' title='bbox 348 2793 434 2835; x_wconf 88' lang='lat' dir='ltr'>VI.</span> 
     </span>
    </p>
   </div>
   <div class='ocr_carea' id='block_1_14' title="bbox 913 1113 1589 1160">
    <p class='ocr_par' dir='ltr' id='par_1_16' title="bbox 913 1113 1589 1160">
     <span class='ocr_line' id='line_1_47' title="bbox 913 1113 1589 1160; baseline 0.001 -12"><span class='ocrx_word' id='word_1_255' title='bbox 913 1113 1039 1149; x_wconf 85' lang='lat' dir='ltr'>Cadmi</span> <span class='ocrx_word' id='word_1_256' title='bbox 1050 1114 1133 1157; x_wconf 80' lang='lat' dir='ltr'>filia,</span> <span class='ocrx_word' id='word_1_257' title='bbox 1143 1113 1363 1148; x_wconf 79' lang='lat' dir='ltr'>Athamantis</span> <span class='ocrx_word' id='word_1_258' title='bbox 1370 1127 1468 1158; x_wconf 84' lang='lat' dir='ltr'>uxor,</span> <span class='ocrx_word' id='word_1_259' title='bbox 1478 1128 1589 1160; x_wconf 86' lang='lat' dir='ltr'>quum</span> 
     </span>
    </p>
   </div>
   <div class='ocr_carea' id='block_1_15' title="bbox 911 1167 1600 2296">
    <p class='ocr_par' dir='ltr' id='par_1_17' title="bbox 911 1167 1596 1578">
     <span class='ocr_line' id='line_1_48' title="bbox 911 1167 1589 1214; baseline 0.001 -12"><span class='ocrx_word' id='word_1_260' title='bbox 911 1167 1092 1214; x_wconf 78' lang='lat' dir='ltr'>Phryxum</span> <span class='ocrx_word' id='word_1_261' title='bbox 1106 1174 1142 1202; x_wconf 89' lang='lat' dir='ltr'>et</span> <span class='ocrx_word' id='word_1_262' title='bbox 1154 1167 1284 1202; x_wconf 85' lang='lat' dir='ltr'>Hellen</span> <span class='ocrx_word' id='word_1_263' title='bbox 1296 1193 1306 1210; x_wconf 91' lang='lat'>,</span> <span class='ocrx_word' id='word_1_264' title='bbox 1323 1180 1410 1213; x_wconf 84' lang='lat' dir='ltr'>quos</span> <span class='ocrx_word' id='word_1_265' title='bbox 1421 1168 1589 1204; x_wconf 72' lang='lat' dir='ltr'>Athamas</span> 
     </span>
     <span class='ocr_line' id='line_1_49' title="bbox 913 1219 1590 1265; baseline 0.001 -11"><span class='ocrx_word' id='word_1_266' title='bbox 913 1233 955 1254; x_wconf 86' lang='lat' dir='ltr'>ex</span> <span class='ocrx_word' id='word_1_267' title='bbox 967 1219 1124 1263; x_wconf 85' lang='lat' dir='ltr'>Nephele</span> <span class='ocrx_word' id='word_1_268' title='bbox 1135 1226 1322 1265; x_wconf 84' lang='lat' dir='ltr'>genuerat,</span> <span class='ocrx_word' id='word_1_269' title='bbox 1334 1220 1416 1254; x_wconf 87' lang='lat' dir='ltr'>odio</span> <span class='ocrx_word' id='word_1_270' title='bbox 1427 1219 1570 1255; x_wconf 85' lang='lat' dir='ltr'>haberet</span> <span class='ocrx_word' id='word_1_271' title='bbox 1580 1249 1590 1264; x_wconf 84' lang='lat'>‚</span> 
     </span>
     <span class='ocr_line' id='line_1_50' title="bbox 911 1270 1591 1313; baseline 0.004 -9"><span class='ocrx_word' id='word_1_272' title='bbox 911 1270 998 1305; x_wconf 81' lang='lat' dir='ltr'>dolis</span> <span class='ocrx_word' id='word_1_273' title='bbox 1016 1271 1115 1305; x_wconf 79' lang='lat' dir='ltr'>malis</span> <span class='ocrx_word' id='word_1_274' title='bbox 1130 1270 1245 1305; x_wconf 78' lang='lat' dir='ltr'>effecit</span> <span class='ocrx_word' id='word_1_275' title='bbox 1260 1297 1270 1313; x_wconf 91' lang='lat'>‚</span> <span class='ocrx_word' id='word_1_276' title='bbox 1294 1277 1333 1305; x_wconf 91' lang='lat' dir='ltr'>ut</span> <span class='ocrx_word' id='word_1_277' title='bbox 1355 1271 1402 1305; x_wconf 85' lang='lat' dir='ltr'>illi</span> <span class='ocrx_word' id='word_1_278' title='bbox 1427 1271 1469 1305; x_wconf 89' lang='lat' dir='ltr'>ad</span> <span class='ocrx_word' id='word_1_279' title='bbox 1493 1285 1591 1307; x_wconf 87' lang='lat' dir='ltr'>aram</span> 
     </span>
     <span class='ocr_line' id='line_1_51' title="bbox 912 1321 1592 1370; baseline 0.004 -14"><span class='ocrx_word' id='word_1_280' title='bbox 912 1321 1173 1357; x_wconf 78' lang='lat' dir='ltr'>deducerentur</span> <span class='ocrx_word' id='word_1_281' title='bbox 1197 1322 1415 1358; x_wconf 78' lang='lat' dir='ltr'>immolandi.</span> <span class='ocrx_word' id='word_1_282' title='bbox 1452 1324 1592 1370; x_wconf 71' lang='lat' dir='ltr'>Ereptis</span> 
     </span>
     <span class='ocr_line' id='line_1_52' title="bbox 913 1373 1594 1419; baseline 0.003 -11"><span class='ocrx_word' id='word_1_283' title='bbox 913 1373 1070 1419; x_wconf 81' lang='lat' dir='ltr'>Nephele</span> <span class='ocrx_word' id='word_1_284' title='bbox 1093 1380 1210 1408; x_wconf 84' lang='lat' dir='ltr'>mater</span> <span class='ocrx_word' id='word_1_285' title='bbox 1235 1373 1296 1409; x_wconf 81' lang='lat' dir='ltr'>dat</span> <span class='ocrx_word' id='word_1_286' title='bbox 1315 1374 1462 1410; x_wconf 85' lang='lat' dir='ltr'>arietem</span> <span class='ocrx_word' id='word_1_287' title='bbox 1486 1388 1594 1410; x_wconf 86' lang='lat' dir='ltr'>aureo</span> 
     </span>
     <span class='ocr_line' id='line_1_53' title="bbox 911 1425 1593 1473; baseline 0.003 -12"><span class='ocrx_word' id='word_1_288' title='bbox 911 1426 1037 1462; x_wconf 82' lang='lat' dir='ltr'>vellere</span> <span class='ocrx_word' id='word_1_289' title='bbox 1046 1452 1058 1471; x_wconf 85' lang='lat'>,</span> <span class='ocrx_word' id='word_1_290' title='bbox 1067 1438 1139 1471; x_wconf 86' lang='lat' dir='ltr'>quo</span> <span class='ocrx_word' id='word_1_291' title='bbox 1149 1439 1213 1472; x_wconf 87' lang='lat' dir='ltr'>per</span> <span class='ocrx_word' id='word_1_292' title='bbox 1221 1425 1312 1462; x_wconf 65' lang='lat' dir='ltr'>fieta</span> <span class='ocrx_word' id='word_1_293' title='bbox 1321 1426 1526 1463; x_wconf 83' lang='lat' dir='ltr'>avehantur.</span> <span class='ocrx_word' id='word_1_294' title='bbox 1536 1428 1570 1463; x_wconf 85' lang='lat' dir='ltr'>Is</span> <span class='ocrx_word' id='word_1_295' title='bbox 1580 1454 1593 1473; x_wconf 84' lang='lat'>,</span> 
     </span>
     <span class='ocr_line' id='line_1_54' title="bbox 912 1478 1592 1527; baseline 0.006 -14"><span class='ocrx_word' id='word_1_296' title='bbox 912 1478 973 1514; x_wconf 84' lang='lat' dir='ltr'>uhi</span> <span class='ocrx_word' id='word_1_297' title='bbox 986 1479 1067 1515; x_wconf 80' lang='lat' dir='ltr'>litus</span> <span class='ocrx_word' id='word_1_298' title='bbox 1080 1479 1213 1525; x_wconf 79' lang='lat' dir='ltr'>attigit,</span> <span class='ocrx_word' id='word_1_299' title='bbox 1231 1479 1273 1514; x_wconf 83' lang='lat' dir='ltr'>fit</span> <span class='ocrx_word' id='word_1_300' title='bbox 1286 1479 1398 1522; x_wconf 80' lang='lat' dir='ltr'>sidus,</span> <span class='ocrx_word' id='word_1_301' title='bbox 1413 1480 1592 1527; x_wconf 80' lang='lat' dir='ltr'>vellusque</span> 
     </span>
     <span class='ocr_line' id='line_1_55' title="bbox 913 1532 1596 1578; baseline 0.003 -11"><span class='ocrx_word' id='word_1_302' title='bbox 913 1532 989 1578; x_wconf 79' lang='lat' dir='ltr'>ejus</span> <span class='ocrx_word' id='word_1_303' title='bbox 996 1544 1143 1567; x_wconf 80' lang='lat' dir='ltr'>aureum</span> <span class='ocrx_word' id='word_1_304' title='bbox 1153 1532 1358 1578; x_wconf 86' lang='lat' dir='ltr'>deportatur</span> <span class='ocrx_word' id='word_1_305' title='bbox 1365 1533 1404 1567; x_wconf 88' lang='lat' dir='ltr'>in</span> <span class='ocrx_word' id='word_1_306' title='bbox 1413 1532 1596 1569; x_wconf 79' lang='lat' dir='ltr'>Colchida.</span> 
     </span>
    </p>

    <p class='ocr_par' dir='ltr' id='par_1_18' title="bbox 913 1585 1600 2252">
     <span class='ocr_line' id='line_1_56' title="bbox 956 1585 1597 1632; baseline 0.003 -13"><span class='ocrx_word' id='word_1_307' title='bbox 956 1586 1066 1620; x_wconf 74' lang='lat' dir='ltr'>Nunc.</span> <span class='ocrx_word' id='word_1_308' title='bbox 1083 1585 1164 1620; x_wconf 86' lang='lat' dir='ltr'>Non</span> <span class='ocrx_word' id='word_1_309' title='bbox 1181 1592 1233 1620; x_wconf 82' lang='lat' dir='ltr'>est</span> <span class='ocrx_word' id='word_1_310' title='bbox 1247 1611 1259 1628; x_wconf 89' lang='lat'>‚</span> <span class='ocrx_word' id='word_1_311' title='bbox 1283 1592 1324 1620; x_wconf 88' lang='lat' dir='ltr'>ut</span> <span class='ocrx_word' id='word_1_312' title='bbox 1341 1585 1502 1631; x_wconf 79' lang='lat' dir='ltr'>Neapolis</span> <span class='ocrx_word' id='word_1_313' title='bbox 1520 1599 1597 1632; x_wconf 87' lang='lat' dir='ltr'>pu-</span> 
     </span>
     <span class='ocr_line' id='line_1_57' title="bbox 915 1634 1594 1681; baseline 0.004 -12"><span class='ocrx_word' id='word_1_314' title='bbox 915 1634 1009 1669; x_wconf 82' lang='lat' dir='ltr'>tabat</span> <span class='ocrx_word' id='word_1_315' title='bbox 1022 1661 1032 1679; x_wconf 93' lang='lat'>,</span> <span class='ocrx_word' id='word_1_316' title='bbox 1056 1635 1172 1681; x_wconf 83' lang='lat' dir='ltr'>primo</span> <span class='ocrx_word' id='word_1_317' title='bbox 1199 1635 1494 1681; x_wconf 83' lang='lat' dir='ltr'>Quinquatruum</span> <span class='ocrx_word' id='word_1_318' title='bbox 1509 1637 1567 1672; x_wconf 89' lang='lat' dir='ltr'>die</span> <span class='ocrx_word' id='word_1_319' title='bbox 1582 1663 1594 1680; x_wconf 85' lang='lat'>,</span> 
     </span>
     <span class='ocr_line' id='line_1_58' title="bbox 913 1685 1597 1733; baseline 0.006 -14"><span class='ocrx_word' id='word_1_320' title='bbox 913 1685 976 1720; x_wconf 83' lang='lat' dir='ltr'>sed</span> <span class='ocrx_word' id='word_1_321' title='bbox 988 1686 1112 1721; x_wconf 84' lang='lat' dir='ltr'>ultimo</span> <span class='ocrx_word' id='word_1_322' title='bbox 1122 1713 1133 1730; x_wconf 86' lang='lat'>,</span> <span class='ocrx_word' id='word_1_323' title='bbox 1150 1686 1195 1722; x_wconf 85' lang='lat' dir='ltr'>de</span> <span class='ocrx_word' id='word_1_324' title='bbox 1209 1699 1281 1732; x_wconf 87' lang='lat' dir='ltr'>quo</span> <span class='ocrx_word' id='word_1_325' title='bbox 1294 1687 1331 1722; x_wconf 85' lang='lat' dir='ltr'>in</span> <span class='ocrx_word' id='word_1_326' title='bbox 1344 1687 1509 1733; x_wconf 82' lang='lat' dir='ltr'>proximis</span> <span class='ocrx_word' id='word_1_327' title='bbox 1519 1701 1597 1723; x_wconf 80' lang='lat' dir='ltr'>ser-</span> 
     </span>
     <span class='ocr_line' id='line_1_59' title="bbox 914 1738 1597 1785; baseline 0.004 -14"><span class='ocrx_word' id='word_1_328' title='bbox 914 1750 986 1772; x_wconf 85' lang='lat' dir='ltr'>mo.</span> <span class='ocrx_word' id='word_1_329' title='bbox 1000 1738 1095 1783; x_wconf 78' lang='lat' dir='ltr'>Ergo</span> <span class='ocrx_word' id='word_1_330' title='bbox 1109 1740 1185 1773; x_wconf 71' lang='lat' dir='ltr'>ben·</span> <span class='ocrx_word' id='word_1_331' title='bbox 1193 1745 1245 1774; x_wconf 68' lang='lat' dir='ltr'>est</span> <span class='ocrx_word' id='word_1_332' title='bbox 1258 1739 1312 1774; x_wconf 83' lang='lat' dir='ltr'>xl</span> <span class='ocrx_word' id='word_1_333' title='bbox 1327 1739 1407 1774; x_wconf 79' lang='lat' dir='ltr'>Kal.</span> <span class='ocrx_word' id='word_1_334' title='bbox 1421 1747 1459 1775; x_wconf 92' lang='lat' dir='ltr'>et</span> <span class='ocrx_word' id='word_1_335' title='bbox 1466 1739 1597 1785; x_wconf 83' lang='lat' dir='ltr'>AEqui-</span> 
     </span>
     <span class='ocr_line' id='line_1_60' title="bbox 915 1789 1595 1836; baseline 0.004 -13"><span class='ocrx_word' id='word_1_336' title='bbox 915 1789 1095 1833; x_wconf 79' lang='lat' dir='ltr'>noctium,</span> <span class='ocrx_word' id='word_1_337' title='bbox 1109 1789 1204 1835; x_wconf 87' lang='lat' dir='ltr'>quod</span> <span class='ocrx_word' id='word_1_338' title='bbox 1220 1803 1267 1825; x_wconf 81' lang='lat' dir='ltr'>vs.</span> <span class='ocrx_word' id='word_1_339' title='bbox 1284 1791 1346 1836; x_wconf 84' lang='lat'>877</span> <span class='ocrx_word' id='word_1_340' title='bbox 1362 1798 1595 1836; x_wconf 84' lang='lat' dir='ltr'>memoratur,</span> 
     </span>
     <span class='ocr_line' id='line_1_61' title="bbox 916 1841 1598 1888; baseline 0.004 -13"><span class='ocrx_word' id='word_1_341' title='bbox 916 1841 954 1875; x_wconf 86' lang='lat' dir='ltr'>iu</span> <span class='ocrx_word' id='word_1_342' title='bbox 964 1842 1057 1877; x_wconf 86' lang='lat' dir='ltr'>VIII</span> <span class='ocrx_word' id='word_1_343' title='bbox 1069 1841 1150 1876; x_wconf 77' lang='lat' dir='ltr'>Kal.</span> <span class='ocrx_word' id='word_1_344' title='bbox 1163 1842 1291 1888; x_wconf 77' lang='lat' dir='ltr'>Aprilis</span> <span class='ocrx_word' id='word_1_345' title='bbox 1301 1867 1311 1885; x_wconf 91' lang='lat'>,</span> <span class='ocrx_word' id='word_1_346' title='bbox 1320 1842 1440 1877; x_wconf 79' lang='lat' dir='ltr'>sivein</span> <span class='ocrx_word' id='word_1_347' title='bbox 1449 1842 1545 1878; x_wconf 84' lang='lat' dir='ltr'>diem</span> <span class='ocrx_word' id='word_1_348' title='bbox 1556 1846 1598 1887; x_wconf 75' lang='lat'>²4</span> 
     </span>
     <span class='ocr_line' id='line_1_62' title="bbox 918 1892 1600 1930; baseline 0.003 -3"><span class='ocrx_word' id='word_1_349' title='bbox 918 1892 1041 1927; x_wconf 85' lang='lat' dir='ltr'>Martii</span> <span class='ocrx_word' id='word_1_350' title='bbox 1054 1893 1188 1928; x_wconf 82' lang='lat' dir='ltr'>incidit.</span> <span class='ocrx_word' id='word_1_351' title='bbox 1207 1894 1267 1929; x_wconf 82' lang='lat' dir='ltr'>Sic</span> <span class='ocrx_word' id='word_1_352' title='bbox 1282 1894 1412 1929; x_wconf 86' lang='lat' dir='ltr'>Noster</span> <span class='ocrx_word' id='word_1_353' title='bbox 1422 1895 1600 1930; x_wconf 79' lang='lat' dir='ltr'>consentit</span> 
     </span>
     <span class='ocr_line' id='line_1_63' title="bbox 916 1943 1596 1988; baseline 0.001 -10"><span class='ocrx_word' id='word_1_354' title='bbox 916 1957 999 1979; x_wconf 84' lang='lat' dir='ltr'>cum</span> <span class='ocrx_word' id='word_1_355' title='bbox 1008 1943 1160 1979; x_wconf 73' lang='lat' dir='ltr'>Kalend.</span> <span class='ocrx_word' id='word_1_356' title='bbox 1169 1951 1238 1980; x_wconf 79' lang='lat' dir='ltr'>vet.</span> <span class='ocrx_word' id='word_1_357' title='bbox 1251 1952 1288 1980; x_wconf 90' lang='lat' dir='ltr'>et</span> <span class='ocrx_word' id='word_1_358' title='bbox 1297 1945 1412 1980; x_wconf 81' lang='lat' dir='ltr'>Plinio</span> <span class='ocrx_word' id='word_1_359' title='bbox 1424 1971 1435 1988; x_wconf 87' lang='lat'>‚</span> <span class='ocrx_word' id='word_1_360' title='bbox 1446 1945 1577 1980; x_wconf 86' lang='lat' dir='ltr'>XVIII</span> <span class='ocrx_word' id='word_1_361' title='bbox 1584 1971 1596 1988; x_wconf 82' lang='lat'>,</span> 
     </span>
     <span class='ocr_line' id='line_1_64' title="bbox 918 1996 1600 2043; baseline 0.003 -13"><span class='ocrx_word' id='word_1_362' title='bbox 918 1996 972 2030; x_wconf 78' lang='lat'>26.</span> <span class='ocrx_word' id='word_1_363' title='bbox 982 1996 1098 2031; x_wconf 85' lang='lat' dir='ltr'>-Sol</span> <span class='ocrx_word' id='word_1_364' title='bbox 1106 2001 1231 2041; x_wconf 72' lang='lat' dir='ltr'>premit</span> <span class='ocrx_word' id='word_1_365' title='bbox 1240 1997 1314 2033; x_wconf 83' lang='lat' dir='ltr'>loca</span> <span class='ocrx_word' id='word_1_366' title='bbox 1323 2024 1333 2040; x_wconf 91' lang='lat'>,</span> <span class='ocrx_word' id='word_1_367' title='bbox 1350 1997 1393 2032; x_wconf 80' lang='lat' dir='ltr'>ad</span> <span class='ocrx_word' id='word_1_368' title='bbox 1407 2009 1485 2043; x_wconf 62' lang='lat' dir='ltr'>qun</span> <span class='ocrx_word' id='word_1_369' title='bbox 1498 2010 1600 2033; x_wconf 84' lang='lat' dir='ltr'>aece-</span> 
     </span>
     <span class='ocr_line' id='line_1_65' title="bbox 918 2041 1598 2097; baseline 0.004 -14"><span class='ocrx_word' id='word_1_370' title='bbox 918 2048 969 2083; x_wconf 77' lang='lat' dir='ltr'>dit</span> <span class='ocrx_word' id='word_1_371' title='bbox 981 2075 992 2092; x_wconf 89' lang='lat'><em>‚</em></span> <span class='ocrx_word' id='word_1_372' title='bbox 1008 2041 1098 2084; x_wconf 77' lang='lat' dir='ltr'>XIV</span> <span class='ocrx_word' id='word_1_373' title='bbox 1113 2049 1261 2085; x_wconf 86' lang='lat' dir='ltr'>Metam.</span> <span class='ocrx_word' id='word_1_374' title='bbox 1275 2051 1341 2095; x_wconf 77' lang='lat'>415</span> <span class='ocrx_word' id='word_1_375' title='bbox 1357 2077 1368 2095; x_wconf 93' lang='lat'>,</span> <span class='ocrx_word' id='word_1_376' title='bbox 1389 2058 1493 2097; x_wconf 83' lang='lat' dir='ltr'>atque</span> <span class='ocrx_word' id='word_1_377' title='bbox 1508 2051 1598 2086; x_wconf 73' lang='lat' dir='ltr'>adeo</span> 
     </span>
     <span class='ocr_line' id='line_1_66' title="bbox 918 2103 1597 2151; baseline 0.004 -14"><span class='ocrx_word' id='word_1_378' title='bbox 918 2103 1031 2137; x_wconf 81' lang='lat' dir='ltr'>sidera</span> <span class='ocrx_word' id='word_1_379' title='bbox 1040 2129 1052 2147; x_wconf 85' lang='lat'>,</span> <span class='ocrx_word' id='word_1_380' title='bbox 1064 2116 1143 2149; x_wconf 82' lang='lat' dir='ltr'>quae</span> <span class='ocrx_word' id='word_1_381' title='bbox 1151 2104 1366 2151; x_wconf 60' lang='lat' dir='ltr'>ing-reditun</span> <span class='ocrx_word' id='word_1_382' title='bbox 1385 2105 1438 2140; x_wconf 86' lang='lat' dir='ltr'>lx</span> <span class='ocrx_word' id='word_1_383' title='bbox 1449 2106 1597 2140; x_wconf 65' lang='lat' dir='ltr'>RIetam.</span> 
     </span>
     <span class='ocr_line' id='line_1_67' title="bbox 920 2156 1600 2203; baseline 0.003 -13"><span class='ocrx_word' id='word_1_384' title='bbox 920 2156 985 2190; x_wconf 78' lang='lat'>286</span> <span class='ocrx_word' id='word_1_385' title='bbox 997 2182 1007 2199; x_wconf 90' lang='lat'><strong>‚</strong></span> <span class='ocrx_word' id='word_1_386' title='bbox 1026 2169 1138 2201; x_wconf 84' lang='lat' dir='ltr'>quum</span> <span class='ocrx_word' id='word_1_387' title='bbox 1155 2159 1316 2193; x_wconf 58' lang='lat' dir='ltr'>decana</span> <span class='ocrx_word' id='word_1_388' title='bbox 1325 2165 1528 2203; x_wconf 71' lang='lat' dir='ltr'>prementur</span> <span class='ocrx_word' id='word_1_389' title='bbox 1541 2162 1600 2193; x_wconf 80' lang='lat' dir='ltr'>si-</span> 
     </span>
     <span class='ocr_line' id='line_1_68' title="bbox 920 2209 1147 2252; baseline 0.004 -11"><span class='ocrx_word' id='word_1_390' title='bbox 920 2209 997 2241; x_wconf 72' lang='lat' dir='ltr'>dem</span> <span class='ocrx_word' id='word_1_391' title='bbox 1006 2211 1147 2252; x_wconf 67' lang='lat' dir='ltr'>signum.</span> 
     </span>
    </p>

    <p class='ocr_par' dir='ltr' id='par_1_19' title="bbox 963 2259 1598 2296">
     <span class='ocr_line' id='line_1_69' title="bbox 963 2259 1598 2296; baseline 0.005 -3"><span class='ocrx_word' id='word_1_392' title='bbox 963 2259 1039 2294; x_wconf 82' lang='lat'><strong>853.</strong></span> <span class='ocrx_word' id='word_1_393' title='bbox 1050 2260 1137 2294; x_wconf 66' lang='lat' dir='ltr'>Hoc</span> <span class='ocrx_word' id='word_1_394' title='bbox 1149 2259 1194 2295; x_wconf 77' lang='lat' dir='ltr'>de</span> <span class='ocrx_word' id='word_1_395' title='bbox 1209 2263 1391 2296; x_wconf 60' lang='lat' dir='ltr'>seminibus</span> <span class='ocrx_word' id='word_1_396' title='bbox 1407 2265 1506 2296; x_wconf 74' lang='lat' dir='ltr'>toslis</span> <span class='ocrx_word' id='word_1_397' title='bbox 1522 2261 1598 2296; x_wconf 83' lang='lat' dir='ltr'>No-</span> 
     </span>
    </p>
   </div>
   <div class='ocr_carea' id='block_1_16' title="bbox 896 2310 1598 2357">
    <p class='ocr_par' dir='ltr' id='par_1_20' title="bbox 896 2310 1598 2357">
     <span class='ocr_line' id='line_1_70' title="bbox 896 2310 1598 2357; baseline 0.006 -14"><span class='ocrx_word' id='word_1_398' title='bbox 896 2352 899 2353; x_wconf 20' lang='lat'><em>⁷</em></span> <span class='ocrx_word' id='word_1_399' title='bbox 921 2316 992 2344; x_wconf 80' lang='lat' dir='ltr'>ster</span> <span class='ocrx_word' id='word_1_400' title='bbox 1000 2310 1072 2355; x_wconf 81' lang='lat' dir='ltr'>jam</span> <span class='ocrx_word' id='word_1_401' title='bbox 1082 2311 1118 2346; x_wconf 88' lang='lat' dir='ltr'>II</span> <span class='ocrx_word' id='word_1_402' title='bbox 1129 2336 1140 2354; x_wconf 92' lang='lat'><em>,</em></span> <span class='ocrx_word' id='word_1_403' title='bbox 1156 2310 1222 2345; x_wconf 74' lang='lat'>528</span> <span class='ocrx_word' id='word_1_404' title='bbox 1232 2337 1243 2354; x_wconf 86' lang='lat'>‚</span> <span class='ocrx_word' id='word_1_405' title='bbox 1258 2312 1380 2357; x_wconf 79' lang='lat' dir='ltr'>attigit.</span> <span class='ocrx_word' id='word_1_406' title='bbox 1392 2312 1459 2346; x_wconf 88' lang='lat' dir='ltr'>Ino</span> <span class='ocrx_word' id='word_1_407' title='bbox 1470 2312 1598 2347; x_wconf 87' lang='lat' dir='ltr'>mulie·</span> 
     </span>
    </p>
   </div>
   <div class='ocr_carea' id='block_1_17' title="bbox 921 2360 1602 2770">
    <p class='ocr_par' dir='ltr' id='par_1_21' title="bbox 921 2360 1602 2770">
     <span class='ocr_line' id='line_1_71' title="bbox 921 2360 1599 2408; baseline 0.006 -14"><span class='ocrx_word' id='word_1_408' title='bbox 921 2373 977 2395; x_wconf 85' lang='lat' dir='ltr'>res</span> <span class='ocrx_word' id='word_1_409' title='bbox 991 2360 1147 2406; x_wconf 83' lang='lat' dir='ltr'>impulit,</span> <span class='ocrx_word' id='word_1_410' title='bbox 1164 2361 1301 2396; x_wconf 85' lang='lat' dir='ltr'>utclam</span> <span class='ocrx_word' id='word_1_411' title='bbox 1317 2362 1450 2397; x_wconf 84' lang='lat' dir='ltr'>maritis</span> <span class='ocrx_word' id='word_1_412' title='bbox 1462 2362 1599 2408; x_wconf 73' lang='lat' dir='ltr'>fruges,</span> 
     </span>
     <span class='ocr_line' id='line_1_72' title="bbox 923 2413 1600 2458; baseline 0.004 -11"><span class='ocrx_word' id='word_1_413' title='bbox 923 2426 1008 2458; x_wconf 82' lang='lat' dir='ltr'>quas</span> <span class='ocrx_word' id='word_1_414' title='bbox 1030 2413 1067 2447; x_wconf 88' lang='lat' dir='ltr'>in</span> <span class='ocrx_word' id='word_1_415' title='bbox 1089 2420 1286 2448; x_wconf 82' lang='lat' dir='ltr'>sementem</span> <span class='ocrx_word' id='word_1_416' title='bbox 1305 2413 1432 2448; x_wconf 83' lang='lat' dir='ltr'>darent</span> <span class='ocrx_word' id='word_1_417' title='bbox 1446 2440 1456 2457; x_wconf 88' lang='lat'><strong><em>‚</em></strong></span> <span class='ocrx_word' id='word_1_418' title='bbox 1477 2421 1600 2450; x_wconf 82' lang='lat' dir='ltr'>torre-</span> 
     </span>
     <span class='ocr_line' id='line_1_73' title="bbox 923 2466 1600 2509; baseline 0.004 -10"><span class='ocrx_word' id='word_1_419' title='bbox 923 2471 1004 2499; x_wconf 89' lang='lat' dir='ltr'>rent</span> <span class='ocrx_word' id='word_1_420' title='bbox 1015 2491 1026 2507; x_wconf 88' lang='lat'>,</span> <span class='ocrx_word' id='word_1_421' title='bbox 1042 2478 1087 2499; x_wconf 85' lang='lat' dir='ltr'>ue</span> <span class='ocrx_word' id='word_1_422' title='bbox 1101 2472 1350 2509; x_wconf 83' lang='lat' dir='ltr'>nascerentur,</span> <span class='ocrx_word' id='word_1_423' title='bbox 1366 2466 1414 2500; x_wconf 81' lang='lat' dir='ltr'>ita</span> <span class='ocrx_word' id='word_1_424' title='bbox 1430 2473 1469 2501; x_wconf 91' lang='lat' dir='ltr'>ut</span> <span class='ocrx_word' id='word_1_425' title='bbox 1481 2467 1600 2502; x_wconf 78' lang='lat' dir='ltr'>civitas</span> 
     </span>
     <span class='ocr_line' id='line_1_74' title="bbox 922 2508 1599 2562; baseline 0.004 -11"><span class='ocrx_word' id='word_1_426' title='bbox 922 2508 995 2551; x_wconf 81' lang='lat' dir='ltr'>tota&#39;</span> <span class='ocrx_word' id='word_1_427' title='bbox 1009 2515 1101 2552; x_wconf 79' lang='lat' dir='ltr'>same</span> <span class='ocrx_word' id='word_1_428' title='bbox 1118 2517 1309 2562; x_wconf 82' lang='lat' dir='ltr'>periret.—-</span> <span class='ocrx_word' id='word_1_429' title='bbox 1318 2519 1442 2552; x_wconf 74' lang='lat' dir='ltr'>Nullas</span> <span class='ocrx_word' id='word_1_430' title='bbox 1455 2521 1599 2554; x_wconf 62' lang='lat' dir='ltr'>sustule-</span> 
     </span>
     <span class='ocr_line' id='line_1_75' title="bbox 923 2570 1598 2614; baseline 0.007 -12"><span class='ocrx_word' id='word_1_431' title='bbox 923 2575 980 2602; x_wconf 76' lang='lat' dir='ltr'>m!</span> <span class='ocrx_word' id='word_1_432' title='bbox 989 2581 1121 2610; x_wconf 69' lang='lat' dir='ltr'>eonas,</span> <span class='ocrx_word' id='word_1_433' title='bbox 1143 2581 1216 2603; x_wconf 89' lang='lat' dir='ltr'>non</span> <span class='ocrx_word' id='word_1_434' title='bbox 1232 2575 1388 2604; x_wconf 74' lang='lat' dir='ltr'>mverat</span> <span class='ocrx_word' id='word_1_435' title='bbox 1405 2570 1441 2604; x_wconf 84' lang='lat' dir='ltr'>in</span> <span class='ocrx_word' id='word_1_436' title='bbox 1455 2571 1598 2614; x_wconf 43' lang='lat' dir='ltr'>arista„</span> 
     </span>
     <span class='ocr_line' id='line_1_76' title="bbox 925 2619 1600 2668; baseline 0.009 -15"><span class='ocrx_word' id='word_1_437' title='bbox 925 2619 1159 2665; x_wconf 69' lang='lat' dir='ltr'>Apollodorus</span> <span class='ocrx_word' id='word_1_438' title='bbox 1182 2625 1307 2668; x_wconf 68' lang='grc' dir='ltr'>καρισὺς</span> <span class='ocrx_word' id='word_1_439' title='bbox 1329 2623 1464 2661; x_wconf 59' lang='grc' dir='ltr'>ἐτησίους</span> <span class='ocrx_word' id='word_1_440' title='bbox 1483 2631 1522 2667; x_wconf 59' lang='lat' dir='ltr'>ys</span> <span class='ocrx_word' id='word_1_441' title='bbox 1550 2626 1600 2659; x_wconf 67' lang='grc' dir='ltr'>οὐκ</span> 
     </span>
     <span class='ocr_line' id='line_1_77' title="bbox 926 2670 1602 2716; baseline 0.006 -12"><span class='ocrx_word' id='word_1_442' title='bbox 926 2672 1076 2706; x_wconf 60' lang='lat' dir='ltr'>&amp;undidem</span> <span class='ocrx_word' id='word_1_443' title='bbox 1084 2670 1221 2706; x_wconf 74' lang='lat' dir='ltr'>Nuntio</span> <span class='ocrx_word' id='word_1_444' title='bbox 1230 2696 1242 2715; x_wconf 91' lang='lat'>,</span> <span class='ocrx_word' id='word_1_445' title='bbox 1257 2684 1364 2716; x_wconf 86' lang='lat' dir='ltr'>quem</span> <span class='ocrx_word' id='word_1_446' title='bbox 1376 2684 1455 2707; x_wconf 82' lang='lat' dir='ltr'>eam</span> <span class='ocrx_word' id='word_1_447' title='bbox 1466 2674 1512 2707; x_wconf 86' lang='lat' dir='ltr'>ob</span> <span class='ocrx_word' id='word_1_448' title='bbox 1520 2685 1602 2708; x_wconf 84' lang='lat' dir='ltr'>cau·</span> 
     </span>
     <span class='ocr_line' id='line_1_78' title="bbox 925 2723 1601 2770; baseline 0.001 -12"><span class='ocrx_word' id='word_1_449' title='bbox 925 2736 1001 2758; x_wconf 80' lang='lat' dir='ltr'>sam</span> <span class='ocrx_word' id='word_1_450' title='bbox 1022 2723 1201 2768; x_wconf 26' lang='lat' dir='ltr'>Athamas-</span> <span class='ocrx_word' id='word_1_451' title='bbox 1213 2723 1371 2770; x_wconf 73' lang='lat' dir='ltr'>Delphos</span> <span class='ocrx_word' id='word_1_452' title='bbox 1395 2725 1489 2760; x_wconf 78' lang='lat' dir='ltr'>misit</span> <span class='ocrx_word' id='word_1_453' title='bbox 1500 2751 1510 2768; x_wconf 82' lang='lat'><strong>,</strong></span> <span class='ocrx_word' id='word_1_454' title='bbox 1534 2726 1601 2761; x_wconf 84' lang='lat' dir='ltr'>Ino</span> 
     </span>
    </p>
   </div>
   <div class='ocr_carea' id='block_1_18' title="bbox 1350 2795 1396 2834">
    <p class='ocr_par' dir='ltr' id='par_1_22' title="bbox 1350 2795 1396 2834">
     <span class='ocr_line' id='line_1_79' title="bbox 1350 2795 1396 2834; baseline 0.022 -1"><span class='ocrx_word' id='word_1_455' title='bbox 1350 2795 1396 2834; x_wconf 80' lang='lat'>15</span> 
     </span>
    </p>
   </div>
  </div>
 </body>
</html>
