1826 3054
255 392 365 421 XVIII

257 462 351 491 xvn

259 532 333 561 xvl

256 602 314 629 XV

255 673 332 702 XIV

254 743 333 772 xm

172 382 210 771 ff>ennvffl2

256 885 319 913 xn

255 955 300 983 XI

177 890 198 914 0

176 944 202 983 fl-

263 1097 291 1124 X

260 1167 304 1195 IX

258 1238 340 1265 vul

263 1377 327 1404 vu

259 1447 307 1475 v1

175 1099 214 1686 ωιοσ>αηιήο

259 1587 305 1615 lv

260 1657 310 1685 111

174 1713 196 1753 a,

255 1727 288 1755 Ξ

610 285 1156 331 KALENDARIUM.
1540 305 1590 348 17

414 380 497 421 Kal.
524 380 634 421 Julii.

416 451 500 491 Kal.
520 450 647 491 Dione
662 458 746 491 orta
762 459 820 491 est
841 450 982 491 heliacc
999 452 1039 491 in
1057 450 1183 492 fronte
1203 451 1331 491 Tauri.

414 521 498 571 Kal.
527 522 610 560 Fiat
627 521 821 576 Zephyrus
837 536 998 576 prosper
1019 521 1287 577 navigantibus.

415 591 497 631 Kal.
529 591 598 631 Sol
612 590 651 629 in
672 591 875 631 Cancrum.
890 591 1009 631 Pallas
1025 592 1165 632 colitur
1177 592 1217 631 in
1233 592 1420 632 Aventina
1430 606 1525 633 arce.

413 663 498 703 Kal.
528 662 726 703 Secundus
744 671 892 703 ventus.
921 662 1048 703 Orion
1072 663 1195 703 oritur
1212 663 1362 704 heliace.

411 733 494 774 Kal.
522 733 692 786 Delphin
722 733 846 773 oritur
865 733 1055 774 chronice.
1083 733 1152 774 Sol
1173 734 1212 773 in
1235 734 1436 774 Cancrum.
1465 733 1597 775 Volsci

582 812 620 843 et
642 804 763 857 AEqui
782 803 999 844 vincuntur.

413 875 497 915 Kal.
527 874 732 928 Templum
756 875 883 914 datum
902 883 961 914 est
984 875 1189 915 Summano
1209 874 1312 915 Jovi.

416 946 498 985 Kal.
531 944 772 999 AEsculapius
788 974 800 994 ‚
824 946 891 997 qui
911 953 950 985 et
972 944 1109 984 dicitur
1133 944 1359 998 Ophiuchus
1375 953 1413 985 et
1430 947 1599 999 Serpen-

600 1015 715 1054 tarius
730 1044 743 1065 ‚
774 1014 953 1055 chronice
978 1008 1114 1055 oritur.

420 1084 506 1125 Kal.

415 1155 500 1195 Kal.
528 1153 662 1194 Victus
685 1162 742 1194 est
757 1153 973 1193 Flaminius.

417 1225 500 1267 Kal.
532 1224 679 1278 Syphax
689 1223 866 1266 vincitur.
879 1223 1092 1264 Hasdrubal
1104 1224 1301 1264 occiditur.
1325 1226 1481 1273 Festum
1491 1224 1598 1264 fortis

584 1295 778 1334 Fortunae.
801 1293 1032 1334 Solstitium.

421 1364 503 1404 Kal.
534 1364 694 1402 Festum*
708 1362 863 1402 Larium
883 1371 923 1402 et
942 1362 1053 1404 Jovis
1074 1362 1248 1402 Statoris.

413 1436 501 1476 Kal.
530 1434 659 1474 Orion
677 1442 831 1488 apparet
850 1447 871 1474 a
888 1436 992 1474 Zona
1013 1433 1181 1475 inferius.
1200 1433 1424 1475 Solstitium.

415 1505 499 1545 Kal.
528 1505 710 1544 Laurum.

414 1575 498 1616 Kal.
527 1575 731 1629 Templum
751 1574 918 1624 Quirino
934 1575 1084 1615 sactum.
1116 1627 1120 1630 ὓ

414 1645 495 1685 Kal.

412 1715 497 1755 Kal.
520 1715 674 1756 Festum
696 1714 897 1759 Pieridum.

222 1902 343 1947 Quem
367 1907 486 1935 ortum
510 1912 713 1935 occasumve
736 1898 892 1934 siderum
914 1898 1105 1934 astronomi
1129 1899 1310 1940 helianum,
1335 1910 1441 1944 quem
1463 1903 1593 1934 cosmi-

177 1975 251 1997 cum
263 1989 272 2004 ,
294 1975 400 2007 quem
425 1962 662 2007 acronychium
685 1959 802 1996 dicant
819 1986 829 2004 ,
860 1959 1080 1995 admonitum
1096 1966 1149 1995 est
1164 1958 1207 1994 ad
1225 1959 1283 1995 lib.
1299 1956 1317 1991 Ῑ
1329 1985 1339 2003 ‚
1362 1972 1450 1996 vers.
1467 1963 1542 2007 295.

306 2825 396 2872 VI.
