1826 3054
560 233 960 278 FASTORUM
1000 233 1132 276 LIB.
1174 231 1235 278 V.

1524 231 1605 275 331

195 333 324 379 Stant
346 346 521 395 quoque
542 346 626 394 pro
649 327 786 375 nobis
800 364 813 385 ‚
839 339 883 375 et
904 336 1102 392 praesunt
1123 321 1344 372 moenibus
1367 322 1514 381 urbis,

255 408 314 454 Et
341 417 445 454 sunt
461 416 697 472 praesentes
712 442 724 462 ‚
749 403 1048 470 auxiliumque
1072 403 1234 451 ferunt.

1551 415 1612 449 135

193 487 251 533 At
272 485 391 533 canis
411 494 511 532 aute
533 483 692 550 pedes,
718 502 822 531 saxo
841 482 1082 531 fabricatus
1104 481 1258 530 eodem
1274 518 1287 538 ‚

257 564 411 612 Stabat
431 584 442 611 ε
463 581 557 630 quae
581 561 726 610 standi
751 580 852 610 cum
874 562 988 610 Lare
1009 578 1136 608 causa
1156 559 1275 607 fuit?

195 641 350 688 Servat
372 651 558 704 uterque
581 637 758 686 domum
774 675 786 695 ‚
811 636 993 685 domino
1018 653 1198 702 quoque
1215 633 1331 682 fidus
1349 644 1547 699 uterque.

257 719 463 784 Compita
488 729 607 780 grata
631 717 741 774 deo;
763 716 956 783 compita
977 726 1100 778 grata
1124 714 1233 762 cani.

1555 725 1617 770 140

193 797 430 860 Exagitant
453 808 498 844 et
518 798 605 844 Lar
619 834 630 854 ‚
656 807 701 844 et
724 795 854 844 turba
877 794 1039 842 Diania
1060 793 1207 850 fures;

259 872 616 939 Pei-vigilantque
640 874 801 929 Lares;
822 870 1173 938 pervigilantque
1196 886 1335 918 canes.

194 953 310 1000 Bina
332 951 617 1015 gemellorum
641 950 889 1018 quaerebam
914 950 1038 1012 signa
1060 949 1241 997 deorum
1257 986 1268 1006 ,

261 1030 446 1077 Viribus
468 1048 644 1077 annosae
666 1028 781 1076 facta
803 1028 964 1076 caduca
986 1045 1121 1075 morae
1139 1046 1148 1073 :

198 1106 324 1154 Mille
347 1108 506 1163 Lares,
535 1106 815 1172 Geniumque
838 1105 986 1162 ducis,
1014 1104 1092 1170 qui
1116 1102 1297 1151 tradidit
1318 1101 1448 1157 illos,
1562 1115 1619 1158 145

263 1183 385 1231 Urbs
407 1184 567 1241 habet;
591 1195 636 1231 et
656 1183 741 1231 vici
758 1183 940 1231 numina
962 1183 1081 1230 trina
1103 1181 1272 1230 colunt.

204 1261 310 1323 Quo
334 1259 485 1308 feror?
508 1261 741 1323 Augustus
764 1260 926 1307 mensis
947 1259 1059 1307 mihi
1081 1257 1287 1306 carminis
1307 1256 1444 1322 hujus

268 1339 353 1386 Jus
376 1337 502 1385 dabit
520 1358 530 1386 ε
552 1338 718 1386 interea
740 1337 839 1385 diva
862 1337 1056 1385 canenda
1075 1337 1202 1383 Bona
1224 1345 1304 1382 est.

201 1456 312 1487 sentia
329 1452 386 1487 dei
401 1453 438 1487 in
455 1453 580 1488 auxilio
595 1453 752 1488 cernitur
762 1479 772 1497 ,
786 1453 880 1498 quod

203 1506 303 1540 nobis
323 1505 402 1540 sert.
421 1507 575 1539 Presunt
589 1508 748 1540 menibus
762 1508 854 1539 urbis
868 1517 881 1547 ,·

202 1564 304 1591 erant
320 1557 416 1592 enim
435 1557 542 1591 etiam
562 1556 687 1602 publici
705 1557 829 1599 Lares,
843 1563 882 1590 ut

205 1609 248 1644 ad
267 1610 325 1653 11,
348 1610 432 1654 615,
454 1609 685 1645 admonitum.

242 1663 312 1696 138.
324 1663 453 1701 Stabat,
470 1674 599 1707 nempe
610 1661 653 1695 ad
664 1660 765 1695 Curii
776 1673 883 1695 aram.

205 1732 250 1739 —·
261 1716 371 1748 Grata
385 1717 463 1754 deo,
481 1713 564 1748 inde
580 1713 685 1748 Lares
704 1712 886 1758 Compita-

207 1765 257 1799 les
270 1765 352 1800 dieti
365 1790 375 1807 ‚
392 1773 428 1799 et
442 1766 479 1800 in
493 1765 654 1811 compitis
672 1765 755 1800 culti
768 1779 777 1807 ;
795 1765 887 1799 Dio-

209 1816 328 1862 nysius
352 1816 530 1851 Halicarn.
547 1818 621 1860 lv,
646 1818 697 1860 24.
712 1834 756 1842 -—
776 1818 886 1850 Grata

210 1871 310 1908 cam}
330 1868 368 1901 in
381 1869 532 1914 compita
544 1870 641 1903 enim
655 1875 886 1915 purgamenta

212 1925 248 1953 et
277 1919 397 1953 sordes
422 1920 672 1965 abjiciebantur
694 1936 702 1963 ;
738 1920 887 1956 Erhard.

216 1971 336 2018 Symb.
360 1972 398 2005 in
425 1973 635 2006 Petronium
654 1999 664 2016 ‚
697 1974 770 2017 134.
797 1973 887 2009 Inde

215 2023 307 2069 apud
322 2023 511 2058 Phaedrum
522 2050 531 2067 ‚
545 2025 562 2059 1
574 2050 584 2067 ‚
598 2023 665 2059 fab.
681 2035 802 2068 xxx-11,
826 2039 838 2059 1
849 2039 860 2060 1
877 2038 887 2060 ε

219 2077 324 2109 Cam's
337 2079 435 2110 trivio
448 2083 636 2119 conceptus.
651 2094 695 2102 ·—
705 2077 811 2111 Lares
825 2076 890 2111 dea

217 2127 320 2162 Muta
333 2131 492 2172 gemellos
506 2135 710 2174 pepererat;
733 2129 791 2173 11,
815 2129 892 2163 515.

217 2179 353 2213 Eorum
369 2180 466 2225 signa
486 2193 504 2214 a
521 2179 634 2214 Curio
651 2181 762 2226 posita
782 2193 894 2225 quum

217 2239 390 2276 quaereret
405 2231 571 2275 Ovidius,
592 2245 665 2267 non
682 2233 812 2278 reperit
827 2246 894 2267 ea-

219 2285 300 2319 dem
322 2312 333 2329 ‚
358 2286 486 2331 quippe
510 2285 639 2321 caduca
666 2286 754 2321 facta
770 2313 779 2329 ,
813 2286 895 2321 alios

218 2349 302 2371 vero
317 2339 425 2372 Lares
439 2340 531 2371 mille
552 2337 647 2372 vidit.
668 2338 781 2372 Erant
798 2338 895 2372 enim

223 2388 345 2424 Roma:
352 2390 415 2426 255
422 2390 573 2435 compita
581 2390 722 2424 Larium
732 2416 742 2432 ,
755 2397 896 2425 auctore

225 2438 357 2484 Plinio,
380 2441 455 2484 III,
473 2455 499 2476 s.
511 2455 532 2488 9
544 2467 554 2485 ‚
574 2454 607 2486 p.
627 2441 689 2476 15ss
708 2440 897 2475 Harduini.

226 2490 307 2525 Jam
319 2517 329 2535 ,
345 2493 511 2537 quoniam
528 2494 707 2540 Augustus
727 2495 899 2538 Compita-

226 2546 275 2577 les
290 2544 395 2579 Lares
412 2559 532 2580 ornare
550 2548 603 2580 bis
621 2559 712 2580 anno
727 2548 892 2587 instituit,

228 2600 479 2642 umis-floribus
488 2606 523 2634 et
527 2603 652 2634 eslim
658 2627 666 2640 ,
682 2600 699 2645 (
710 2599 900 2634 Suetonius

230 2650 375 2695 August.
390 2650 459 2693 31)
478 2659 662 2697 propterea
683 2652 739 2687 hic
761 2664 900 2697 quoque

226 2707 329 2745 poeta
347 2702 562 2737 occasionem
580 2711 694 2750 captat
708 2704 740 2739 ei
757 2704 902 2739 adulan-

228 2751 273 2787 di.
288 2752 393 2789 Lares
404 2760 438 2789 et
453 2756 559 2790 Genii
569 2769 658 2802 saepe
674 2756 901 2803 conjungun-

947 1460 1023 1495 tur;
1052 1454 1184 1488 Genius
1213 1451 1310 1485 enim
1333 1449 1418 1484 deus
1433 1474 1443 1492 ,
1467 1448 1503 1482 in
1528 1448 1627 1491 cujus

947 1504 1055 1539 tutela
1067 1504 1212 1550 quisque
1222 1503 1316 1537 vivit.
1329 1504 1473 1537 Genium
1481 1499 1627 1535 Caesaris

947 1559 1037 1593 cives
1062 1557 1200 1592 romani
1219 1556 1333 1591 colere
1351 1554 1518 1590 solebant.
1545 1552 1628 1587 Mi-

948 1623 1028 1644 nue.
1037 1609 1133 1644 Felix
1144 1609 1180 1643 in
1193 1608 1316 1644 Octav.
1329 1606 1454 1641 XXIX
1464 1632 1473 1649 ,
1485 1606 1525 1639 6:
1539 1619 1555 1634 «
1569 1604 1627 1638 Sic

950 1675 967 1691 u
986 1661 1062 1705 ejus
1081 1673 1213 1694 nomen
1230 1665 1356 1694 vocant
1370 1685 1379 1702 ,
1398 1657 1441 1692 ad
1458 1656 1629 1701 imagines

951 1726 968 1742 ἰ
982 1712 1181 1758 supplicant
1194 1737 1205 1756 ,
1230 1711 1373 1756 genium
1390 1736 1399 1752 ‚
1423 1709 1459 1744 id
1478 1715 1530 1743 est
1551 1707 1630 1742 dae-

952 1779 970 1795 n
987 1777 1132 1799 monem
1150 1765 1226 1808 ejus
1241 1763 1442 1808 implorant.
1459 1776 1477 1791 »ι
1502 1762 1630 1796 Hora-

951 1818 1037 1861 tius,
1050 1818 1118 1860 IV,
1134 1816 1205 1851 Od.
1218 1827 1254 1858 v,
1269 1816 1312 1859 34
1324 1841 1333 1858 ,
1352 1814 1394 1849 ad
1409 1814 1607 1859 Augustum
1621 1825 1631 1846 2

952 1871 1099 1904 Laribus
1114 1875 1204 1903 tuum
1223 1869 1350 1902 Μῖνι-εἰ
1366 1879 1493 1900 numen.
1513 1865 1631 1910 Atque

952 1922 1058 1956 etiam
1066 1934 1162 1955 nunc
1172 1923 1243 1955 duz-
1253 1927 1304 1954 est
1314 1920 1492 1965 Augustus
1505 1932 1513 1959 ;
1527 1917 1633 1952 etiam

953 1973 1093 2007 Persius
1106 1999 1115 2016 ,
1141 1972 1256 2019 Satyr.
1279 1972 1332 2006 VI
1345 1997 1355 2014 ,
1382 1971 1423 2015 48
1435 1997 1444 2014 ,
1470 1971 1551 2004 deos
1575 1982 1636 2013 gc-

952 2027 1106 2070 m‘umque
1120 2026 1218 2058 ducis
1235 2023 1406 2058 nominat.
1423 2041 1467 2048 —
1486 2023 1636 2057 Numina

955 2080 1045 2111 trina
1056 2088 1067 2118 ,·
1088 2077 1135 2111 ita
1146 2083 1182 2111 et
1193 2075 1245 2110 IV
1259 2082 1344 2110 extr.
1355 2074 1528 2110 Palatium
1538 2080 1636 2107 aeter-

957 2141 1019 2162 nos
1033 2135 1100 2163 tres
1116 2130 1195 2163 deos
1210 2127 1359 2162 habebat
1371 2154 1380 2171 ,
1402 2126 1440 2161 in
1462 2127 1587 2172 quibus
1603 2133 1640 2160 et

957 2180 1038 2225 ipsis
1055 2180 1245 2225 Augustus.

991 2232 1095 2276 ι48-ι
1102 2233 1154 2266 58.
1169 2233 1332 2266 Kalendis
1343 2232 1451 2265 Mans
1460 2234 1561 2265 etiam
1571 2232 1640 2264 Bo-

959 2296 1015 2317 na·
1043 2285 1113 2317 dee
1134 2285 1222 2317 edes
1246 2284 1413 2317 dedicata.
1444 2283 1560 2317 Etiam
1594 2281 1639 2315 de

961 2334 1025 2370 hac
1043 2335 1128 2377 (lea,
1146 2348 1224 2381 quae
1247 2335 1378 2372 Graecis
1394 2339 1465 2374 θεὲς
1486 2340 1641 2379 γυναικεία

961 2389 1052 2424 dicta
1062 2415 1071 2431 ,
1086 2389 1190 2426 variae
1203 2396 1304 2424 erant
1317 2396 1479 2424 veterum
1495 2387 1640 2433 opinio-

962 2452 1036 2474 nes.
1056 2439 1243 2474 Cornelius
1259 2439 1376 2475 Labeo
1401 2446 1522 2475 auctor
1543 2445 1618 2474 erat
1630 2466 1641 2482 ,

963 2492 1069 2527 Maiae
1080 2491 1192 2527 aedem
1205 2493 1376 2527 Kalendis
1386 2492 1490 2527 Maiis
1504 2491 1644 2527 dedica-

964 2551 1036 2579 tam
1052 2557 1124 2579 esse
1148 2544 1211 2579 sub
1230 2545 1375 2579 nomine
1402 2545 1512 2580 Bonae
1535 2544 1645 2586 Deae;

966 2596 1127 2631 eamdem
1144 2596 1247 2631 deam
1260 2604 1296 2632 et
1311 2598 1470 2632 Faunam
1480 2623 1489 2641 ,
1503 2596 1621 2643 Opem
1632 2623 1645 2640 ‚

966 2649 1115 2684 Fatuam
1125 2649 1253 2685 dictam
1267 2663 1276 2691 ;
1289 2649 1489 2684 Macrobius
1498 2676 1507 2694 ‚
1525 2650 1542 2684 1
1554 2676 1564 2693 ,
1577 2649 1644 2683 Sa-

966 2709 1061 2737 turn.
1079 2716 1117 2737 12
1129 2729 1139 2747 ,
1157 2702 1216 2737 ubi
1232 2709 1267 2737 et
1285 2702 1359 2738 aliae
1373 2702 1556 2738 sententiae
1577 2715 1642 2735 re·-

966 2761 1165 2792 censentur.
1182 2756 1298 2791 Varro
1310 2755 1422 2791 Fauni
1440 2755 1546 2789 filiam
1570 2760 1645 2787 tra·
