1826 3054
208 217 296 274 458
718 216 1102 263 EXCURSUS

209 317 275 365 Ita
300 314 346 363 in
368 313 519 372 fastis,
546 333 661 381 quos
678 325 783 364 aetas
805 314 939 364 nobis
966 314 1153 364 servavit
1181 313 1444 382 plerumque
1472 334 1523 364 ex
1547 316 1641 364 Au—

207 398 328 460 gusti
360 409 403 447 et
425 396 596 446 Tiberii
625 408 846 464 tempore,
878 396 1039 447 horum
1070 396 1218 456 tituli;
1255 397 1340 447 sub
1365 397 1643 465 sequioribus

207 479 579 547 Imperator-ibus,
608 481 704 546 ejus
723 480 799 547 qui
826 491 929 529 tunc
950 480 1184 547 imperium
1205 480 1404 539 tenebat,
1427 500 1498 530 res
1514 493 1644 544 gestae

207 563 331 613 seriis
358 562 586 613 celebratae
610 574 713 613 sunt
728 600 741 621 ‚
768 563 1020 631 exstirpatis
1042 575 1167 613 antea
1191 564 1271 621 iis,
1295 583 1392 632 quae
1415 564 1499 613 sub
1522 576 1643 612 ante-

209 646 464 696 cessoribus
488 645 662 695 fuerant
684 657 910 695 annotata.
937 646 1048 695 Post
1065 645 1258 695 honores
1281 646 1427 709 gentis
1440 647 1469 694 J
1473 645 1570 694 uliae
1588 645 1643 694 ab

211 727 378 778 ovidio
410 728 540 778 etiam
566 727 811 777 celebratos
831 765 844 785 ‚
882 727 981 777 vide
1002 765 1014 786 ,
1051 746 1149 795 quae
1173 728 1294 776 Fasti
1318 728 1575 780 Praenestini
1601 727 1645 775 in

210 811 403 878 ejusdem
430 812 575 877 gentis
593 810 768 861 laudem
785 823 1000 861 annotant
1013 812 1068 861 ad
1078 811 1279 861 Januarii
1298 810 1390 860 dies
1411 829 1436 878 7
1450 849 1462 870 ‚
1480 813 1534 869 8,
1562 810 1617 858 16
1633 849 1644 867 ‚

217 913 296 962 17,
320 912 382 962 29
402 914 413 944 ε
431 894 699 944 Amiternini
717 894 773 944 ad
791 894 987 959 Augusti
1002 894 1097 944 dies
1127 912 1144 943 1
1162 932 1175 953 ‚
1203 911 1256 952 2,
1281 911 1332 961 93
1357 894 1479 960 Sept.
1517 911 1534 940 1
1556 931 1569 950 ‚
1594 911 1647 959 93

211 978 315 1026 Oct.
347 994 402 1025 12
422 988 504 1027 etc.
525 978 586 1026 Et
605 995 743 1044 quum
757 995 809 1026 ex
829 977 1085 1045 sequiorum
1103 978 1363 1044 Imperator.
1384 974 1510 1024 fastis
1526 974 1647 1023 nulla

211 1070 385 1108 exstent
403 1058 668 1123 fragmenta,
689 1059 807 1109 idem
823 1070 969 1109 tamen
989 1060 1035 1108 in
1053 1058 1213 1109 ultimo
1233 1058 1355 1127 quod
1377 1069 1518 1107 exstat
1536 1058 1650 1107 Con-

209 1141 393 1190 stantini
408 1141 565 1206 Magni
580 1141 847 1192 Kalendario
863 1142 885 1207 (
899 1142 1041 1191 Graev.
1055 1141 1189 1191 Thes.
1218 1153 1324 1190 tom.
1338 1141 1472 1200 Vlll,
1496 1160 1539 1207 p.
1556 1142 1649 1207 97)

207 1224 365 1284 babes,
382 1224 484 1286 ubi,
500 1238 691 1276 utantea
704 1226 901 1291 Augusti
910 1226 1195 1293 Tiberiique‚
1209 1243 1329 1275 nunc
1343 1224 1650 1282 Constantini,

211 1308 466 1358 Constantii
489 1307 765 1377 aliorumque
779 1329 849 1363 res
862 1309 1040 1359 fortiter
1053 1321 1185 1373 gestae
1199 1307 1341 1358 titulis
1357 1307 1648 1357 celebrantur.

273 1390 363 1440 Sed
395 1403 568 1441 tantum
601 1392 657 1440 de
688 1392 760 1441 his
789 1392 915 1441 fastis
945 1391 1255 1441 kalendaribus
1275 1429 1288 1449 ‚
1321 1410 1437 1458 quos
1461 1389 1652 1440 Ovidius

211 1473 403 1523 carmine
436 1474 698 1534 exornavit,
729 1486 775 1524 et
804 1473 861 1523 ad
892 1493 1007 1541 quos
1042 1473 1201 1541 saepius
1233 1491 1455 1522 recurrere
1487 1471 1650 1520 licebit.

209 1555 336 1620 Quid
360 1558 545 1606 autem?
569 1556 692 1624 quod
721 1556 887 1624 passim
920 1556 976 1605 ab
1010 1554 1330 1622 interpretibus
1351 1592 1363 1612 ‚
1395 1553 1538 1602 multo
1569 1553 1651 1601 alia

211 1656 310 1686 cum
336 1657 410 1696 re,
446 1638 572 1687 fastis
600 1638 794 1696 scilicet,
830 1658 907 1688 seu
936 1636 1172 1687 annalibus
1190 1674 1202 1695 ‚
1242 1655 1340 1704 quae
1370 1636 1566 1685 historiae
1595 1635 1652 1683 ad

211 1719 349 1770 instar
370 1721 525 1789 primis
550 1721 831 1789 temporibus
851 1721 974 1771 suere
992 1758 1006 1779 ,
1037 1731 1366 1770 commutantur
1381 1756 1394 1775 ‚
1421 1737 1557 1786 quare
1584 1737 1653 1768 er·-

210 1801 325 1852 roris
343 1803 511 1853 vitandi
535 1822 666 1854 causa
688 1803 744 1853 de
768 1803 839 1853 his
860 1803 992 1853 etiam
1011 1803 1165 1870 paucis
1188 1800 1427 1851 videndum
1450 1813 1528 1850 est.

373 1956 416 1987 2.
452 1938 584 1988 Fasti
598 1939 799 1996 histonii,
829 1939 1061 2004 (Annales
1075 1978 1086 1995 ,
1115 1938 1175 1988 F.
1202 1938 1486 2002 consulares).

279 2073 526 2123 Commune
547 2091 710 2122 nomen
739 2073 840 2123 inde
870 2072 992 2122 haud
1015 2071 1150 2121 dubie
1174 2071 1334 2130 fluxit,
1364 2068 1486 2139 quod
1512 2072 1557 2120 in
1583 2071 1653 2120 his

211 2156 371 2224 primis
399 2155 597 2206 historiae
626 2156 765 2205 initiis
794 2155 982 2219 singulis
1006 2155 1133 2204 annis
1166 2174 1237 2205 res
1266 2166 1397 2219 gestae
1426 2154 1494 2204 vel
1525 2155 1654 2222 quic-

215 2238 324 2306 quid
348 2240 558 2288 memoria
587 2237 771 2303 dignum
801 2237 1086 2305 judicabatur
1103 2276 1116 2297 ‚
1150 2237 1207 2288 ad
1230 2237 1429 2287 ordinem
1454 2237 1622 2286 dierum
1640 2275 1651 2293 ‚

216 2322 293 2390 qui
326 2322 374 2371 in
407 2321 534 2371 fastis
572 2320 880 2371 kalendaribus
914 2321 1125 2389 descripti
1160 2332 1311 2378 erant,
1347 2318 1571 2370 annalium
1609 2320 1652 2367 in

216 2422 386 2454 morem
400 2403 728 2454 exhibebantur
744 2410 772 2453 ¹.
791 2403 1084 2468 Magistratus
1099 2402 1294 2469 cujusvis
1306 2402 1407 2452 anni
1418 2440 1431 2458 ‚
1448 2401 1651 2450 consules

213 2544 283 2573 tur.
295 2537 350 2572 De
360 2539 555 2573 sce’lt’ceeres
565 2543 659 2572 nota.
669 2536 724 2572 De
735 2536 806 2578 fef.
818 2536 857 2573 lt.
869 2537 900 2581 1,
970 2536 1042 2583 ipse
1061 2534 1241 2571 annalium
1264 2532 1490 2569 mediocriter
1510 2546 1573 2569 nm
1598 2547 1654 2568 re-

218 2602 301 2637 ²²9²
315 2593 330 2629 ἦ
344 2595 416 2626 πολὺ
433 2592 521 2626 λώιόν
538 2592 602 2626 ἔστι
619 2596 684 2625 etc.
696 2589 736 2624 3⁰
750 2595 899 2636 utraque
971 2590 1059 2626 tinet
1074 2616 1083 2633 ‚
1109 2589 1206 2636 quasi
1224 2591 1468 2623 muneratione
1475 2587 1655 2630 festorum.

215 2641 252 2677 in
266 2642 514 2687 questionibu-
529 2642 680 2678 occurrit
696 2654 761 2687 pro
772 2654 850 2677 nnn
864 2645 884 2679 ?
970 2662 1015 2670 —
1034 2642 1204 2679 Horatius
1229 2642 1276 2677 ita
1298 2641 1370 2677 Sat.
1394 2641 1406 2676 1
1428 2668 1437 2684 ,
1468 2652 1510 2675 nt
1530 2667 1539 2683 ,
1574 2654 1632 2674 ιι)
1645 2666 1655 2683 ,

264 2696 274 2716 ¹
287 2694 363 2730 Cic.
376 2694 418 2730 nd
430 2695 497 2730 div.
513 2695 558 2739 V,
577 2709 628 2739 η,
642 2696 677 2730 in
689 2695 903 2731 nobilissimo
963 2696 1084 2741 sartos
1098 2697 1220 2731 nundi
1230 2694 1275 2729 de
1298 2694 1402 2729 totius
1420 2693 1574 2728 universi
1592 2693 1657 2727 his-

219 2746 418 2794 epistota-d
433 2747 640 2787 Lucceium:
655 2749 801 2786 Etenim
817 2748 908 2785 ordo
973 2749 1061 2785 toria
1077 2747 1159 2787 dicit
1172 2773 1182 2791 .
1200 2753 1234 2785 et
1252 2746 1372 2783 Carni.
1393 2747 1441 2782 lV
1453 2772 1463 2791 ,
1486 2756 1554 2781 xm
1569 2772 1578 2789 ‚
1605 2745 1660 2785 ι3,
