1826 3054
254 222 341 266 506
779 222 1165 271 EXCURSUS

252 334 386 383 supra
410 314 464 365 de
482 315 692 366 Perenna.
719 316 946 369 Virtutem
967 331 1011 369 et
1032 318 1336 370 fortitudinem
1358 322 1454 389 ipsa
1472 324 1537 374 vis
1558 327 1679 375 vocis

254 394 422 453 innuit,
445 414 542 462 quae
562 387 607 443 in
630 414 874 459 cognomen
898 396 1209 457 Claudiorum,
1229 399 1394 449 sabinae
1415 404 1579 465 gentis,
1601 405 1678 471 qui

248 492 273 522 a
294 471 557 523 fortitudine
580 477 778 525 Nerones
801 475 1164 544 appellabantur,
1199 479 1400 537 transiit;
1427 479 1538 529 vide.
1567 482 1676 529 Sue-

251 551 423 601 tonium
440 589 452 611 ‚
484 552 634 602 Tiber.
668 571 685 601 1
715 574 726 603 :
754 555 872 604 Nero
897 555 1036 621 lingua
1057 556 1333 623 sabinafhm's
1359 568 1399 606 et
1417 569 1613 607 strenuus.
1643 562 1679 607 13

250 628 402 695 Lydo,
437 649 481 698 p.
513 629 601 688 85,
634 631 829 682 eamdem
853 634 1006 682 Romae
1039 653 1139 683 cum
1174 635 1320 685 Marte
1341 638 1501 686 marito
1533 637 1680 685 Tubi-

249 704 395 755 lustrii
415 708 484 757 ‹lie
498 708 660 758 cultam
680 728 774 759 esse
792 711 1122 774 cognoscimus,
1142 712 1222 761 ubi
1244 714 1441 765 eamdem
1459 716 1679 782 interpre-

252 784 460 834 tationem
484 785 646 852 adjicit.

314 862 368 910 ln
384 863 736 915 Tusculanorum
754 865 1047 930 religionibus
1070 867 1326 917 domesticis
1349 869 1568 935 praecipue
1588 868 1681 917 lau»

250 940 381 990 datur
397 942 523 991 Maia
544 943 730 1007 (magna
748 945 878 1011 Dm)
901 965 997 1013 quae
1018 945 1218 997 tellurem
1244 946 1404 996 referre
1426 948 1620 1005 videtur,
1640 960 1685 996 et

250 1018 443 1069 Vulcani
460 1039 575 1070 uxor
589 1021 766 1072 dicitur.
782 1024 916 1073 Forte
931 1036 975 1073 et
990 1024 1141 1073 Maius
1152 1062 1164 1083 ‚
1180 1024 1225 1073 id
1239 1036 1332 1083 est,
1349 1043 1549 1073 summus
1562 1025 1684 1080 deuS,
1741 1039 1753 1057 '²

252 1097 443 1148 Vulcani
467 1118 631 1149 nomen
650 1101 769 1168 apud
786 1101 968 1151 Tuscul.
992 1101 1102 1160 fuit,
1129 1102 1211 1151 etsi
1234 1102 1496 1169 plerumque
1515 1102 1686 1151 Maium

249 1174 306 1224 ad
329 1177 485 1226 Jovem
509 1177 718 1227 referunt.
746 1179 1026 1230 Vindicanda
1051 1182 1135 1230 erit
1164 1180 1314 1230 eadem
1336 1179 1491 1229 Gellio
1507 1218 1519 1238 ‚
1546 1182 1655 1230 xln
1671 1218 1682 1236 ,

252 1271 337 1312 22,
356 1255 435 1304 ubi
458 1256 577 1306 Nolo
595 1256 781 1306 Volcani
795 1258 917 1326 apud
942 1259 1137 1308 Gronov.
1165 1278 1395 1327 perperam
1419 1259 1593 1324 legitur.
1610 1261 1683 1308 Ab

252 1331 465 1382 alterutro
491 1346 636 1385 autem
667 1336 837 1386 Maium
867 1356 1061 1388 mensem
1090 1357 1254 1388 nomen
1282 1338 1447 1387 habere
1478 1338 1686 1387 adserunt

252 1422 454 1461 auctores
477 1413 597 1480 apud
620 1414 822 1463 Macrob.
851 1416 970 1482 quod
1002 1416 1057 1464 ad
1090 1416 1452 1483 probabilitatem
1487 1417 1689 1465 omnium

253 1487 453 1553 proxime
471 1489 639 1539 accedit
653 1528 666 1548 ,
685 1502 730 1540 et
746 1490 926 1558 plurimi
942 1493 1111 1541 Bonam
1131 1494 1268 1541 Deam
1283 1530 1295 1549 ,
1318 1493 1389 1541 die
1420 1510 1437 1539 ι
1467 1492 1577 1540 Maii
1601 1492 1684 1539 coli

254 1562 454 1622 solitam,
476 1565 533 1614 ad
556 1565 670 1616 banc
700 1567 865 1617 Maiam
886 1568 1096 1617 referunt.
1129 1570 1264 1618 Forte
1287 1570 1448 1617 Faunoe
1467 1606 1479 1623 ,
1508 1569 1653 1616 Terrae
1673 1606 1685 1624 ‚

254 1642 384 1692 Maiae
406 1644 588 1694 nomina
610 1645 658 1695 iu
681 1666 820 1696 uuum
845 1666 1008 1698 numen
1030 1647 1252 1698 cumulata
1278 1660 1402 1704 sunt,
1429 1647 1494 1695 vel
1518 1648 1689 1695 utrius-

256 1740 343 1787 que
362 1722 525 1772 sestum
547 1726 730 1775 nonnisi
754 1726 799 1774 in
821 1746 960 1776 unum
986 1727 1100 1776 diem
1124 1727 1356 1776 incidebat.
1384 1727 1688 1776 Commutatio

257 1802 350 1866 ejus
368 1822 468 1852 cum
491 1804 611 1853 Maia
634 1806 845 1855 Mercurii
868 1806 1076 1874 frequens
1100 1807 1145 1855 in
1168 1807 1476 1871 grammaticis.

322 1881 520 1932 Multum
544 1884 752 1943 referret,
777 1885 814 1934 si
839 1898 1039 1953 tempus,
1073 1906 1164 1953 quo
1197 1886 1330 1951 hujus
1358 1885 1423 1934 vel
1450 1885 1571 1933 illius
1606 1905 1689 1933 nu·

257 1957 386 2007 minis
408 1959 557 2009 cultus
578 1961 623 2009 in
645 1960 816 2012 Italiam
840 1963 1033 2029 primum
1057 1964 1267 2012 advectus
1289 1964 1371 2018 sit,
1403 1962 1606 2029 persequi
1633 1961 1688 2009 li-

257 2048 398 2094 ceret,
421 2036 503 2086 ubi
525 2037 572 2086 in
605 2039 759 2106 paucis
788 2039 856 2088 vel
886 2040 1134 2107 conjectura
1166 2040 1333 2109 aliquid
1368 2041 1537 2089 efficere
1574 2040 1685 2089 licet.

260 2113 411 2165 Serius
429 2128 579 2183 aperte
593 2154 605 2174 ‚
623 2129 668 2167 et
689 2116 757 2166 vel
780 2131 887 2184 post
907 2120 1063 2168 Numa!
1079 2131 1278 2187 tempora
1298 2120 1563 2169 transierunt
1585 2138 1623 2165 v.
1650 2137 1686 2165 c.

258 2192 424 2258 Apollo
435 2204 476 2241 et
493 2193 550 2241 V
541 2212 652 2243 enus.
672 2193 951 2262 Apollinem,
976 2213 1106 2262 quem
1126 2215 1226 2245 cum
1240 2197 1339 2263 ipso
1354 2197 1529 2245 nomine
1546 2214 1687 2258 gra-co

259 2270 557 2339 adoptarunt,
590 2292 614 2322 a
635 2274 793 2323 Numa
815 2273 1161 2337 indigitamentis
1177 2312 1189 2330 ,
1222 2274 1290 2323 vel
1313 2293 1481 2323 canone
1505 2274 1687 2322 deorum

258 2369 282 2399 a
305 2352 452 2401 Numa
474 2352 723 2416 agniturum
745 2351 935 2402 alienum
956 2352 1090 2403 fuisse
1102 2352 1328 2403 Arnobius
1346 2364 1515 2408 narrat,
1538 2364 1579 2400 et
1597 2354 1690 2401 Ve-

260 2427 380 2477 neris
405 2447 566 2478 nomen
598 2447 742 2496 neque
774 2429 824 2478 in
853 2428 1043 2479 carmine
1073 2422 1216 2479 saliari
1251 2448 1478 2479 occurrere
1497 2466 1508 2483 ,
1546 2446 1691 2494 neque

262 2503 443 2553 omnino
479 2504 564 2554 sub
598 2505 778 2569 regibus
814 2505 1044 2569 cognitum
1068 2506 1202 2556 fuisse
1222 2545 1235 2566 ,
1273 2506 1453 2556 Cincius
1477 2517 1520 2553 et
1541 2507 1688 2554 Varro

261 2581 464 2631 Macrob.
488 2582 540 2641 l,
571 2599 651 2641 12,
678 2582 869 2632 tradunt.

326 2659 530 2727 Denique
563 2660 819 2726 adjiciamus
848 2660 1045 2728 quedam
1072 2661 1126 2710 de
1160 2659 1375 2717 Hercule,
1405 2661 1654 2711 divitiarum
1673 2698 1688 2719 ,

265 2737 450 2786 [ortunae
472 2748 518 2786 et
538 2738 674 2787 sortis
696 2737 909 2805 praeside,
933 2736 989 2788 ad
1012 2738 1129 2788 Fast.
1155 2737 1247 2794 vl,
1277 2754 1394 2786 212:
