1826 3054
547 295 946 340 FAsToRUM
984 297 1110 340 Lm.
1148 299 1188 342 v
1202 298 1240 341 1.
1522 301 1609 359 444,

250 390 483 457 Multaque
506 409 585 457 per
605 390 771 439 medias
791 391 892 439 vina
913 390 1127 439 bibantur
1150 411 1297 458 aquas.

186 467 319 516 Plebs
344 467 449 516 colit
472 467 587 515 hanc
602 487 620 528 3-
642 469 743 534 quia
760 505 772 526 ‚
800 468 877 535 qui
901 468 1081 534 posuit,
1106 468 1160 516 de
1182 466 1313 535 plebe
1331 468 1466 517 fuisse

251 547 427 603 Fertur,
454 541 499 593 et
522 565 573 594 ex
595 545 754 594 humili
778 557 948 612 sceptra
970 545 1121 594 tulisse
1139 545 1253 594 loco.

189 622 408 671 Convenit
430 634 473 670 et
498 624 660 681 servis3
687 642 808 672 serva
832 623 937 690 quia
957 622 1132 672 Tullius
1155 636 1279 672 ortus

254 701 499 749 Constituit
523 700 668 749 dubiae
692 700 854 768 templa
873 701 1129 768 propinqua
1151 701 1254 750 deae.

188 778 341 836 licen,
367 778 625 826 suburbana
649 779 822 826 rediens
845 777 955 827 male
980 778 1160 827 sobrius
1183 779 1298 838 aede,

1550 793 1615 840 785

254 855 327 903 Ad
351 855 498 904 stellas
523 855 683 922 aliquis
705 852 808 905 talia
828 856 962 904 verba
982 857 1116 921 jacit:

189 935 314 981 Zona
338 933 446 982 latet
470 946 545 981 tua
568 953 712 991 nunc,
741 945 785 981 et
808 952 902 982 cras
925 933 1109 982 fortasse
1130 933 1315 992 latebit;

261 1010 434 1058 Dehinc
458 1010 564 1068 erit,
592 1010 761 1069 Orion,
786 1009 1065 1077 adspicienda
1088 1009 1211 1057 mihi.

189 1090 250 1136 At
273 1089 310 1136 si
331 1108 422 1136 non
446 1099 561 1136 esset
584 1100 720 1154 potus
736 1126 748 1146 ‚
776 1088 960 1137 dixisset
984 1088 1133 1136 eadem

254 1168 504 1216 Venturum
529 1179 703 1233 tempus
728 1165 959 1215 solstitiale
983 1165 1068 1213 die.

1556 1191 1623 1226 79⁰

190 1246 438 1293 LUCIFERO
460 1244 678 1292 subeunte
693 1281 705 1300 ‚
731 1245 865 1292 Lares
891 1243 1074 1291 delubra
1098 1242 1322 1302 tulerunt,

257 1322 343 1370 Hic
365 1321 445 1370 ubi
468 1322 520 1369 fit
543 1322 674 1370 docta
697 1320 837 1370 multa
860 1339 1022 1369 corona
1046 1340 1195 1369 manu.

192 1401 388 1466 Tempus
412 1400 528 1448 idem
553 1400 706 1448 Stator
727 1398 832 1446 aedis
854 1399 1016 1456 habet,
1043 1417 1176 1465 quam
1201 1399 1423 1447 Romulus
1445 1397 1551 1447 olim

259 1480 374 1527 Ante
399 1477 590 1526 Palatini
611 1476 815 1525 condidit
838 1495 916 1524 ora
935 1476 1044 1542 jugi.
1075 1513 1078 1518 .

190 1558 291 1605 ΤΟΤ
314 1569 522 1604 RESTANT
544 1554 597 1603 de
621 1573 770 1603 mense
798 1554 916 1612 dies,
943 1565 1058 1621 quot
1078 1554 1259 1602 nomina
1280 1554 1433 1604 Parcis
1448 1592 1461 1613 ‚

187 1671 312 1707 sissent
337 1672 473 1706 flumen
493 1696 503 1713 ,
528 1682 601 1704 non
629 1668 873 1704 decurrissent.

188 1725 305 1769 Prope
323 1735 401 1758 eam
417 1736 511 1758 anno
527 1736 562 1757 u.
584 1735 611 1757 c.
629 1724 695 1768 459
708 1747 717 1764 ‚
740 1720 874 1756 Carvi-

190 1774 255 1810 lius
271 1775 373 1811 aliam
388 1775 506 1810 eidem
522 1774 596 1809 deae
614 1773 726 1808 aedem
740 1772 873 1818 posuit;

192 1827 309 1862 Livius
323 1854 333 1871 ,
352 1828 404 1870 X,
423 1828 475 1871 46.
492 1827 597 1862 Prior
611 1825 667 1860 illa
688 1837 874 1859 memora-

192 1886 251 1915 tur
260 1879 364 1914 etiam
374 1892 394 1913 a
403 1877 651 1922 Plutarcho,de
661 1877 758 1912 Fort.
769 1877 874 1911 Rom.

192 1944 227 1977 p.
240 1931 304 1966 266
315 1943 323 1964 :
334 1936 401 1972 Τὴν
420 1935 452 1966 δι’
463 1934 531 1979 πρὸς
545 1936 588 1977 τῷ
603 1935 728 1977 ratane}
742 1933 852 1974 Τύχην
862 1955 873 1973 ‚

196 1988 232 2025 ἢν
242 1986 384 2034 (bipenne
398 1982 414 2027 (
427 1981 544 2017 Reisk.
555 1981 695 2026 conjicit
709 1984 811 2031 *iprae
820 1981 876 2016 vel

196 2037 334 2085 Φίρτεμ)
352 2041 492 2070 καλῖυσιν
514 2036 606 2083 (ὅπερ
628 2035 707 2068 ἔστὶν
723 2035 851 2083 ἰσχυρὰν
863 2059 874 2077 ,

197 2091 213 2130 ἢ
229 2090 460 2138 ἀριστευτικὴν,
479 2089 494 2128 ἢ
511 2088 670 2137 ἀνδρείαν)
687 2089 726 2125 ὡς
738 2090 770 2121 τὲ
790 2102 877 2127 νικη-

194 2145 276 2178 τικὸν
292 2143 430 2176 ἁπάντων
441 2142 559 2175 triae-2210
575 2144 716 2184 ἕχσυσαν.
743 2139 877 2173 Tiberi-

193 2208 273 2230 nam
287 2201 405 2228 autem
419 2191 514 2226 illam
527 2193 749 2226 decursionem
765 2190 877 2235 ipsum

196 2246 399 2292 Scipionem
418 2244 624 2279 Africanum
647 2256 774 2289 magno
792 2256 879 2289 gau-

197 2299 257 2334 dio
283 2297 443 2333 adfecisse
460 2323 469 2339 ,
497 2302 617 2330 narrat
633 2294 760 2329 Cicero
772 2321 782 2338 ,
799 2293 877 2329 Fin.

197 2352 235 2387 Π
247 2378 256 2395 ,
276 2364 320 2395 V,
340 2352 392 2394 24.

242 2405 317 2449 781.
340 2403 504 2448 Pugnant
520 2401 593 2435 haec
610 2412 690 2435 cum
711 2399 750 2433 iis
765 2426 774 2442 ,
801 2411 877 2444 quae

195 2470 284 2491 vers.
300 2456 367 2500 634
388 2456 432 2490 de
453 2454 567 2490 Servii
593 2453 727 2498 origine
753 2452 878 2487 tradita

196 2517 288 2544 sunt.
306 2508 494 2554 vulgatam
515 2507 740 2543 traditionem
753 2532 762 2549 ‚
780 2519 878 2541 serva

197 2575 281 2596 eum
296 2574 366 2596 esse
377 2568 500 2595 natum
511 2587 520 2604 ,
537 2571 750 2605 parvumque
764 2558 877 2603 ipsum

197 2611 352 2647 serviisse
366 2639 375 2654 ‚
401 2612 504 2647 habet
527 2610 732 2659 DionysiuS,
753 2610 823 2654 IV,
841 2623 876 2652 ¹3

198 2664 324 2699 refellit
337 2663 452 2698 Livius
464 2690 473 2707 ‚
492 2665 509 2698 I
522 2690 531 2707 ,
550 2664 603 2711 39.

246 2719 319 2762 785.
337 2716 390 2752 Vl
407 2717 577 2750 Kalendas
596 2716 697 2750 Orion
711 2718 836 2749 oritur:
850 2713 878 2747 is

200 2782 290 2804 zona
304 2767 452 2811 cinctus,
470 2767 564 2802 unde
581 2767 711 2813 gladius
726 2766 876 2812 pendet;

203 2822 387 2869 Hyginus,
410 2822 489 2857 Ret.
507 2821 585 2865 III,
606 2821 648 2857 33
666 2834 674 2855 z
696 2836 712 2851 <t
732 2821 840 2855 Hunc
859 2832 877 2854 a

327 2889 418 2935 VI.

1557 1569 1624 1616 79⁵

941 1682 960 1699 »
978 1681 1065 1703 zona
1080 1674 1116 1702 et
1133 1667 1267 1712 reliquo
1287 1681 1433 1713 corpore
1458 1668 1626 1714 aequino-

941 1734 960 1750 »
977 1719 1083 1754 ctialis
1099 1719 1245 1754 circulus
1269 1719 1402 1754 dividit.
1414 1735 1432 1751 n
1461 1720 1597 1756 Plinius
1613 1748 1624 1766 ,

940 1772 1066 1807 XVIII
1078 1797 1088 1814 ,
1105 1772 1149 1806 68
1161 1797 1171 1814 ,
1195 1786 1212 1801 «
1238 1771 1433 1806 solstitium
1450 1773 1566 1818 peragi
1586 1773 1626 1808 iu

941 1837 959 1854 n
976 1831 1095 1858 octava
1111 1822 1351 1868 partecaneri
1363 1831 1398 1859 et
1414 1831 1536 1860 octavo
1548 1825 1629 1860 Ka-

940 1879 958 1907 ›'›
976 1875 1095 1911 lendas
1106 1875 1192 1911 Julii
1208 1888 1227 1906 ³»
1243 1876 1360 1912 tradit.
1375 1877 1512 1923 Nempe
1527 1886 1628 1914 vete-

938 1942 994 1964 res
1010 1930 1168 1965 cardines
1189 1943 1324 1966 annuos
1346 1943 1420 1965 nou
1446 1932 1484 1966 in
1507 1931 1628 1978 signo-

939 1995 1021 2016 rum
1032 1981 1139 2017 initiis
1151 2009 1161 2026 ,
1181 1982 1244 2017 sed
1267 1983 1304 2017 in
1326 1983 1454 2018 octavis
1471 1985 1626 2028 partibus

939 2034 1137 2069 statuebant
1159 2048 1168 2078 ;
1197 2033 1394 2069 Columella
1415 2061 1424 2079 ,
1450 2036 1503 2070 IX
1519 2062 1529 2079 ,
1559 2038 1598 2081 14
1615 2051 1626 2072 t

943 2099 961 2114 «
978 2085 1053 2119 Nec
1084 2098 1142 2119 me
1168 2084 1253 2120 fallit
1285 2086 1479 2131 Hipparchi
1506 2088 1596 2122 ratio
1614 2115 1625 2132 ‚

943 2151 961 2166 »
978 2149 1056 2181 quae
1071 2136 1174 2171 docet
1196 2137 1340 2172 solstitia
1363 2145 1399 2173 et
1419 2139 1628 2184 aequinoctia

944 2204 962 2219 υ
980 2202 1054 2224 nou
1070 2189 1196 2224 octavis
1208 2216 1218 2233 ,
1243 2190 1305 2224 sed
1327 2190 1448 2235 primis
1472 2192 1626 2236 partibus

944 2256 962 2273 »
981 2243 1162 2288 signorum
1181 2243 1317 2279 confici.
1335 2244 1475 2279 Verum
1501 2246 1539 2280 in
1562 2246 1626 2282 hac

944 2309 962 2325 »
982 2294 1072 2329 ruris
1090 2295 1285 2340 disciplina,
1298 2309 1426 2341 sequor
1443 2310 1538 2333 nunc
1556 2299 1627 2333 Eu-

944 2361 963 2377 »
980 2346 1059 2381 doxi
1075 2354 1109 2381 et
1127 2347 1282 2381 Metonis
1298 2374 1307 2391 ,
1332 2348 1625 2395 antiquorumque

943 2413 963 2430 »ι
979 2399 1100 2433 Fastos
1134 2399 1388 2445 astrologorum
1414 2427 1424 2443 ,
1457 2402 1516 2446 qui
1543 2409 1627 2437 sunt

944 2465 962 2481 ι»
982 2450 1087 2496 aptati
1104 2450 1245 2496 publicis
1258 2451 1440 2487 sacrificiis.
1453 2467 1471 2483 ³»

989 2518 1047 2552 791
1055 2532 1062 2538 .
1076 2507 1211 2540 Larium
1219 2511 1253 2539 et
1260 2507 1356 2540 lovis
1366 2507 1506 2542 Statoris
1515 2510 1603 2542 aedes
1614 2522 1625 2543 .-

944 2557 986 2592 de
1002 2557 1132 2602 templo
1143 2585 1152 2601 ,
1166 2558 1258 2602 quod
1272 2557 1442 2593 Romulus
1451 2561 1532 2595 Jovi
1539 2562 1625 2595 Sla-

943 2614 1011 2645 tori
1020 2610 1056 2644 in
1069 2609 1158 2644 bello
1171 2622 1252 2645 cum
1265 2610 1402 2645 Sabinis
1415 2611 1509 2646 vovit
1519 2639 1529 2656 ,
1545 2613 1625 2648 vide

945 2661 1105 2704 Livium,
1124 2662 1162 2705 1,
1186 2675 1243 2704 ¹²3
1268 2661 1437 2705 Florum,
1456 2664 1495 2707 1,
1516 2675 1529 2696 1
1545 2691 1554 2706 ‚
1576 2665 1626 2698 13.

944 2712 1103 2749 Positum
1115 2719 1190 2747 erat
1200 2712 1242 2746 ad
1254 2720 1389 2758 portam
1401 2714 1625 2759 Mugoniam,

944 2778 1020 2810 quae
1037 2765 1184 2800 ducebat
1209 2779 1227 2800 a
1251 2766 1306 2801 via
1329 2779 1423 2802 sacra
1450 2768 1492 2801 ad
1515 2767 1624 2802 Pala—

945 2818 1033 2853 tium
1046 2832 1054 2864 ;
1067 2817 1275 2866 DionysiuS,
1292 2819 1347 2864 11,
1362 2823 1413 2855 50.
1429 2819 1527 2853 Olim
1541 2820 1625 2854 cde-

1388 2903 1444 2945 29
