1826 3054
487 238 871 284 FASTORUM
906 239 1035 282 LIB.
1071 240 1161 283 lv.

1448 254 1537 298 299

126 334 364 401 Expositus
383 351 481 382 mos
503 344 568 381 est
586 352 597 380 :
618 331 754 380 moris
774 331 884 380 mihi
907 342 1038 380 restat
1063 331 1205 394 origo.

190 412 340 459 Turba
359 411 463 459 facit
485 407 667 459 dubium
683 448 695 468 ‚
720 421 948 477 coeptaque
970 421 1123 458 nostra
1145 420 1276 457 tenet.

128 491 288 540 Omnia
311 501 471 557 purgat
492 489 601 538 edax
622 489 764 552 ignis,
786 489 1033 555 vitiumque
1055 486 1244 537 metallis
1473 501 1539 546 785

189 569 409 634 Excoquit
431 588 442 616 ε
466 568 629 616 idcirco
653 587 752 616 cum
772 567 880 617 duce
900 578 1064 633 purgat
1083 585 1198 614 oves.

124 648 219 702 An,
243 646 344 712 quia
367 659 620 695 cunctarum
642 646 856 694 contraria
879 645 1044 694 semina
1066 663 1213 692 rerum

188 725 302 772 Sunt
323 725 411 773 dno
434 725 683 781 discordes,
708 725 825 788 ignis
846 736 890 772 et
912 723 1055 779 unda,
1079 722 1184 779 Dii,

123 804 152 850 J
156 815 373 851 unxerunt
392 802 604 852 elementa
624 814 795 870 patres;
820 813 1060 868 aptumque
1082 811 1296 867 putarunt:

186 881 371 943 Ignibus
395 894 440 930 et
460 901 608 948 sparsa
632 894 808 945 tangere
833 899 993 947 corpus
1013 879 1159 945 aqua?

1475 903 1539 935 79⁰

121 960 193 1006 An
208 997 220 1014 ‚
245 959 366 1025 quod
389 960 436 1008 in
457 960 528 1009 his
549 961 647 1009 vitae
669 979 800 1008 eausa
819 971 915 1014 est;
939 959 1030 1006 haec
1050 956 1245 1024 perdidit
1267 953 1411 1012 exsuh

188 1038 271 1084 His
295 1057 407 1086 nova
430 1037 483 1086 fit
503 1040 662 1103 conjux
681 1058 691 1085 :
710 1038 804 1086 haec
828 1037 918 1086 duo
940 1056 1098 1099 magna
1118 1035 1318 1103 putant?

120 1157 182 1188 qne
204 1151 255 1178 ler
338 1147 525 1181 Transe'lias
543 1149 647 1181 cclen’
662 1153 796 1180 strenua

119 1198 217 1230 turba
229 1200 336 1240 pede:
350 1198 424 1232 sine
442 1212 553 1234 causa.

166 1249 238 1292 783.
252 1249 363 1284 Moris
373 1250 481 1296 origo.
493 1251 561 1285 Hic
570 1254 666 1284 turba
675 1278 685 1289 ,
701 1251 797 1285 mul-

121 1300 235 1334 titudo
243 1314 423 1336 causarum
435 1315 517 1337 eum
526 1302 719 1337 reddebant
728 1303 796 1337 du-

121 1352 217 1385 bium
230 1379 239 1395 ,
261 1361 297 1387 et
317 1366 456 1388 cunum
478 1353 642 1389 orationis
662 1354 796 1388 retine-

119 1403 204 1438 bant
216 1418 224 1440 ε
241 1405 275 1437 V
285 1431 295 1447 ‚
306 1405 328 1439 5
337 1431 348 1448 ,
361 1409 460 1449 copia
470 1408 549 1449 ipsa
560 1412 664 1439 nocet.
679 1405 794 1439 Multa

120 1454 219 1490 hicet
232 1457 320 1491 mira
333 1454 634 1501 cumulatss-Ignts
650 1464 795 1502 propter

118 1507 189 1541 vim
204 1511 377 1553 purgandi
392 1510 462 1554 jam
481 1509 572 1555 apud
595 1508 794 1554 antiquissi-

118 1572 194 1595 mos
217 1561 254 1595 in
280 1561 538 1597 lustrationibus
554 1562 671 1596 locum
686 1561 796 1595 habe-

117 1611 197 1652 ban
215 1612 440 1656 Plutarchus,
464 1613 599 1657 Quat.
622 1612 725 1646 Rom.
750 1625 763 1645 ι
784 1623 793 1645 :

119 1668 218 1714 τῦπῦρ
233 1665 368 1713 καΰέφει
378 1690 389 1707 ,
406 1669 440 1700 τὲ
451 1669 531 1714 ὕδωρ
545 1665 795 1708 dragus—Ez—

118 1721 249 1761 εοφωϊ,
270 1722 309 1750 ut
318 1715 413 1762 Virg.
430 1716 559 1761 Georg.
571 1716 606 1758 1,
623 1717 668 1762 89
681 1728 691 1749 ε
706 1715 795 1759 agris

122 1783 140 1798 ι
156 1781 261 1804 omne
286 1783 349 1815 per
366 1771 486 1816 ignem
506 1767 721 1812 Excoquitur
739 1767 793 1800 vi-

122 1834 140 1850 »
156 1821 254 1856 tium.
273 1824 463 1856 -Dncem
475 1824 585 1866 ‘mgis
599 1820 689 1866 apud
701 1832 794 1865 poe—

120 1879 172 1907 tas
178 1873 305 1917 ubique
316 1900 326 1915 ,
336 1874 441 1908 etiam
454 1872 544 1917 apud
558 1871 728 1906 Ovidium
740 1883 795 1905 ω-

121 1938 157 1959 se
172 1924 227 1959 vel
237 1926 379 1959 arietem
392 1951 402 1966 ‚
417 1925 472 1959 vel
486 1925 620 1958 hircum
630 1950 641 1965 ,
653 1923 707 1958 vel
719 1930 796 1957 tau·

122 1988 224 2018 rum,
247 1988 319 2010 non
346 1983 463 2010 autern
484 1981 676 2019 pastorem,
691 1981 795 2018 atque

121 2029 227 2063 etiam
239 2028 306 2063 hoc
321 2028 384 2062 loc.
398 2028 545 2062 arietem
558 2026 703 2071 intelligi
714 2051 725 2068 ,
737 2026 796 2061 ob-

121 2087 235 2115 servat
247 2079 409 2126 Heynius
423 2078 467 2113 ad
486 2078 615 2113 Tibull.
631 2078 666 2119 Ι,
684 2089 705 2111 x
715 2103 726 2120 ‚
747 2091 796 2112 ιο.

121 2133 247 2167 Pastor
255 2133 370 2177 potius
377 2135 525 2176 seqnitur
535 2143 616 2166 oves
626 2144 636 2171 ς
649 2130 718 2172 VI,
737 2132 795 2173 ¹43

120 2185 180 2219 sed
200 2185 280 2229 quia
298 2184 462 2220 Palilibus
478 2196 551 2219 non
571 2196 652 2228 grex
669 2182 796 2225 modo,

119 2234 179 2270 sed
190 2243 307 2280 pastor
314 2249 454 2281 quoque
469 2235 693 2281 purgabatur,
701 2247 798 2268 nunc

121 2287 264 2331 quidem
277 2287 372 2322 hunc
386 2287 579 2331 intelligere
593 2285 715 2330 possis3
727 2285 798 2319 Ti-

122 2337 253 2380 bullus,
274 2338 310 2381 l,
330 2349 362 2381 1,
386 2339 430 2372 35
446 2352 455 2372 :
471 2353 488 2367 c«
508 2338 578 2372 Hic
600 2350 666 2383 ego
682 2343 798 2382 pasto-

125 2401 143 2417 »
159 2400 302 2433 remque
312 2401 433 2423 meum
443 2389 590 2423 lustrare
597 2388 795 2432 quotannis,

125 2451 145 2467 ι
160 2438 208 2473 Et
221 2438 389 2483 placidam
406 2439 503 2474 soleo
524 2451 684 2484 spargere
709 2439 797 2474 lacte

125 2504 144 2520 ¹·
160 2489 293 2525 Palem.
309 2505 330 2522 n

150 2541 483 2585 787.Se-e'aaeoenm,
495 2543 683 2586 elementa,
691 2543 797 2578 etiam

129 2592 146 2626 l
165 2592 310 2628 Metam.
325 2607 357 2640 9.
373 2593 458 2629 vim
470 2598 706 2630 contrariorum
721 2596 798 2630 illo-

126 2654 206 2676 rum
217 2647 376 2678 uminum
389 2644 539 2681 declarat
554 2646 636 2681 ibid.
652 2660 699 2682 vs.
713 2647 798 2690 432:

125 2707 143 2723 α
160 2693 352 2740 Quumque
365 2697 410 2732 sit
424 2697 512 2744 ignis
525 2713 623 2745 aquae
640 2713 797 2746 pugnam

127 2758 145 2774 τ·
161 2758 269 2790 vapor
282 2746 447 2784 humidus
460 2760 583 2787 onmes
594 2752 665 2787 Res
684 2759 796 2796 creat,

861 1160 879 1175 n
896 1152 931 1180 et
955 1144 1083 1180 discors
1105 1143 1290 1179 concordia
1310 1141 1436 1176 fetibus
1460 1148 1540 1185 apta

861 1212 880 1228 ι·
894 1205 967 1240 est,
983 1212 1001 1227 »
1011 1198 1071 1232 ubi
1086 1196 1165 1231 vide
1179 1195 1541 1231 notam—Discordes

860 1250 1027 1284 Heinsius
1046 1250 1083 1283 in
1106 1251 1266 1283 dissertes
1285 1247 1413 1283 mutari
1437 1245 1540 1279 vole-

858 1301 927 1336 bat.
945 1302 1026 1336 Non
1042 1301 1228 1342 mention
1242 1306 1377 1333 veteres
1388 1297 1483 1332 enim
1497 1295 1542 1329 de

858 1356 1009 1387 discordi
1029 1355 1209 1387 concordia
1235 1363 1353 1386 rerum
1380 1349 1539 1395 disputa-

858 1406 954 1439 hant.
974 1405 1098 1450 Neque
1122 1411 1238 1448 aptum
1262 1402 1390 1437 mutari
1415 1401 1516 1435 debet
1529 1426 1540 1442 ,

858 1470 1072 1503 quamquam
1080 1458 1288 1492 Bur-manno
1295 1468 1366 1490 non
1379 1455 1539 1500 ineptum

858 1510 1041 1544 videbatur
1051 1522 1132 1544 cum
1141 1509 1212 1544 MS
1228 1509 1411 1544 Pemhroc„
1427 1520 1446 1540 a
1457 1519 1540 1540 ma—

858 1573 908 1595 nu
919 1560 1071 1595 secunda
1085 1573 1205 1595 sanum
1221 1561 1335 1606 legere
1350 1586 1361 1603 ,
1377 1566 1437 1594 aut
1444 1558 1538 1602 sau-

857 1613 1054 1647 stum—De
1063 1619 1199 1656 tangere
1209 1612 1289 1646 vide
1301 1611 1344 1646 ad
1359 1623 1447 1645 vers.
1466 1612 1538 1654 740.

860 1665 964 1699 —An
972 1691 980 1703 ,
988 1666 1080 1708 quod
1087 1670 1149 1698 etc.
1161 1664 1283 1698 Festus
1297 1661 1403 1696 tradit
1413 1671 1540 1704 aquam

857 1723 894 1750 et
918 1717 1036 1761 ignem
1060 1715 1221 1750 interdici
1248 1715 1359 1749 solere
1382 1712 1540 1746 damna—

858 1769 901 1802 tis
910 1793 921 1810 ,
935 1768 1088 1812 permitti
1100 1780 1185 1802 vero
1195 1767 1314 1811 nuptis
1326 1780 1335 1806 ;
1350 1780 1368 1795 κ
1380 1764 1541 1799 videlicet

858 1833 878 1849 ι»
894 1819 975 1864 quia
987 1818 1041 1853 hae
1053 1818 1131 1853 duae
1153 1831 1208 1852 res
1222 1818 1415 1852 humanam
1428 1816 1536 1850 vitam

859 1885 877 1899 ›-
895 1871 1044 1905 maxime
1068 1870 1272 1911 continent;
1291 1885 1309 1899 »
1332 1869 1473 1904 Servius
1492 1867 1538 1901 ad

858 1921 1000 1957 AEneid.
1017 1922 1109 1956 Vll:
1126 1938 1143 1952 ιι
1158 1921 1214 1956 Ad
1231 1920 1391 1956 facienda
1407 1918 1542 1953 foedera

859 1990 878 2005 ιο
892 1988 981 2020 aqua
1006 1982 1042 2009 et
1070 1975 1159 2020 ignis
1184 1973 1417 2015 adhibentur,
1439 1970 1539 2006 unde

859 2040 880 2056 ²·
894 2034 1016 2062 contra
1028 2054 1040 2071 ,
1049 2039 1135 2072 quos
1143 2039 1261 2061 arcere
1267 2026 1429 2060 volumus
1440 2037 1460 2059 e
1470 2036 1541 2058 no-

860 2095 879 2111 »
892 2088 965 2116 stro
981 2082 1157 2116 consortio
1168 2081 1237 2124 ,eis
1246 2093 1335 2126 aqua
1350 2087 1385 2114 et
1397 2078 1469 2125 igni
1479 2079 1538 2112 in-

859 2146 879 2162 »
894 2132 1118 2175 ten-«licinius,
1131 2131 1167 2166 id
1193 2139 1244 2167 est
1269 2132 1373 2166 rebus
1384 2157 1394 2174 ,
1412 2130 1537 2175 quibus

861 2198 880 2214 υ
894 2185 1070 2219 consortio
1091 2184 1308 2230 copulamur.
1322 2199 1340 2214 ι·
1357 2183 1540 2218 Interdic-

858 2234 909 2270 tio
928 2241 1045 2269 autem
1064 2234 1144 2278 illa,
1164 2247 1269 2280 quam
1288 2241 1428 2269 auctore
1447 2234 1539 2268 Dio-

858 2287 959 2334 nysio
975 2286 1085 2322 Halic.
1103 2287 1158 2331 Π,
1186 2289 1249 2332 53,
1270 2287 1444 2323 Romulus
1462 2287 1543 2331 ἰᾶσι»

860 2339 1010 2373 instituit
1023 2366 1033 2382 ,
1046 2338 1137 2374 hanc
1147 2339 1220 2374 vim
1234 2339 1402 2381 habebat,
1419 2345 1462 2373 ut
1474 2339 1539 2373 in-

859 2397 914 2424 tra
933 2389 1022 2424 fines
1036 2390 1173 2435 imperii
1195 2391 1332 2425 romani
1346 2390 1482 2424 nemini
1497 2390 1539 2423 li-

859 2449 954 2476 ceret
974 2442 1079 2476 exsuli
1099 2442 1155 2477 vel
1175 2455 1322 2488 aquam,
1345 2442 1401 2477 vel
1420 2443 1550 2488 ignem·

859 2494 1541 2539 praebere.—Properduitfleinsiusma-

857 2546 898 2581 tit
906 2548 1090 2591 ,perd1’tet‚·
1106 2546 1195 2581 male
1203 2558 1212 2581 t
1221 2546 1280 2592 qui
1292 2547 1329 2581 in
1339 2546 1456 2582 exsilio
1466 2553 1518 2581 est
1527 2573 1537 2588 ‚

858 2597 889 2632 is
903 2599 975 2642 jam
985 2600 1135 2642 pendidit
1146 2597 1213 2633 illa.
1229 2598 1324 2634 Hinc
1334 2599 1465 2634 mules
1476 2599 1539 2633 in-

859 2650 1000 2684 terdum
1013 2649 1077 2685 hac
1087 2651 1407 2698 circumscriptione
1416 2664 1542 2687 vocan-

860 2708 919 2736 tur
927 2727 938 2744 ‚
951 2701 1075 2746 quibus
1086 2713 1175 2747 aqua
1183 2709 1220 2737 et
1228 2702 1301 2748 igni
1311 2702 1542 2737 interdictum

859 2760 911 2788 est
923 2768 931 2796 ;
946 2766 1019 2788 non
1031 2780 1041 2796 ‚
1053 2753 1281 2791 interdicitur.
1289 2756 1437 2789 —Nom
1450 2767 1538 2788 con-
