1826 3054
239 234 329 296 476
771 236 1142 283 excussus

236 329 431 396 undique
446 347 721 379 eorrasorum
735 368 746 389 ‚
767 329 1004 397 aliquando
1023 331 1362 395 digerendorum
1376 369 1387 388 ‚
1415 350 1544 399 quam
1555 333 1662 397 justi

237 411 375 461 libelli
401 412 589 480 speciem
615 431 704 479 prae
728 431 773 461 se
798 413 907 461 serre
929 413 1036 461 mihi
1060 413 1258 462 videatur
1285 419 1313 461 ¹.
1350 414 1543 462 Maxima
1567 414 1660 478 ejus

235 494 466 544 commoda
486 495 668 543 omnino
688 494 936 543 redundant
954 495 1008 544 ad
1032 495 1261 544 historiam
1282 496 1493 544 festorum
1513 515 1661 544 recen-

235 577 400 626 tiorum
418 615 430 635 ,
462 597 558 644 quae
581 578 670 626 sere
685 578 740 626 ad
760 578 853 643 ejus
874 590 1068 645 tempora
1084 579 1391 645 pertinebant,
1417 579 1494 626 ubi
1519 579 1660 645 inpri-

232 658 317 707 mis
335 659 599 708 Kalendario
624 658 908 708 Constantini
927 661 970 708 in
990 659 1142 708 multis
1166 659 1429 709 illustrando
1457 660 1658 717 inservit,

233 761 272 789 v.
297 761 332 790 c.
361 763 402 810 p.
429 741 513 801 62,
533 743 586 791 de
611 755 816 793 votorum
838 744 1195 811 nuncupatione;
1219 763 1263 811 p.
1291 744 1380 803 80,
1400 745 1455 793 de
1480 746 1660 793 Mamu-

232 823 423 883 ralibus;
448 824 532 886 84,
560 825 774 884 Pelusiis,
800 826 1053 885 Hilaribus‚
1080 838 1163 876 etc.

298 906 384 955 Sed
408 906 453 954 in
478 907 644 957 ovidio
664 907 904 957 etiamtum
925 907 1190 958 illustrando
1209 946 1221 967 ‚
1247 922 1340 957 tum
1363 908 1664 957 confirmando

234 1008 402 1051 magnae
424 990 518 1055 ejus
540 1003 690 1058 partes
715 1003 841 1048 sunt,
863 992 917 1041 ad
943 1011 1072 1041 suum
1091 992 1260 1059 ubique
1279 990 1425 1039 locum
1451 991 1497 1038 in
1523 990 1670 1039 subsi-

235 1070 356 1119 dium
382 1073 587 1122 vocandae
610 1079 644 1121 ².
668 1074 727 1121 H.
754 1073 783 1121 l.
812 1074 1012 1140 quaedam
1037 1075 1130 1140 ejus
1156 1074 1253 1123 loca
1274 1074 1543 1142 pertingam,
1565 1072 1665 1129 ubi,

234 1172 331 1219 quae
354 1154 522 1203 diverse
544 1157 600 1204 ab
625 1155 775 1204 Ovidii
802 1155 1079 1223 aliorumque
1103 1157 1365 1205 auctoritate
1387 1155 1545 1213 tradit,
1576 1175 1665 1203 non

235 1247 323 1284 tam
343 1236 515 1286 diverso
539 1257 628 1286 suae
650 1239 790 1287 aetatis
810 1240 951 1297 mori,
978 1259 1108 1306 quam
1135 1238 1279 1287 turbis
1299 1238 1354 1287 ab
1374 1238 1473 1305 ipso
1494 1238 1667 1304 compi-

231 1316 373 1367 latore
398 1318 603 1382 ingestis,
626 1320 729 1378 ubi,
755 1339 851 1387 quae
874 1321 930 1368 ad
954 1320 1104 1387 plures
1130 1321 1438 1388 pertinebant,
1466 1321 1509 1367 in
1534 1339 1663 1368 unam

234 1419 325 1450 rem
349 1401 628 1459 cumulabat,
653 1403 898 1451 tribuerim.
926 1404 1158 1468 Ejusmodi
1181 1402 1327 1451 locum
1350 1404 1435 1467 jam
1461 1402 1515 1451 ad
1547 1404 1662 1450 Fast.

233 1485 312 1542 IV,
333 1482 427 1531 635
442 1522 454 1542 ,
476 1484 730 1534 exhibuisse
747 1485 856 1534 mihi
873 1486 993 1534 visus
1010 1506 1121 1534 sum.
1140 1485 1441 1534 Probabiliter
1458 1485 1544 1533 huc
1566 1505 1669 1551 per-

237 1565 361 1622 tinet,
378 1586 487 1632 quae,
501 1586 545 1633 p.
561 1585 585 1633 7
599 1585 637 1624 1,
657 1567 709 1615 de
722 1566 1029 1615 Parentalibus
1045 1567 1237 1615 exhibet.
1259 1569 1375 1615 Bene
1391 1586 1488 1614 rum
1503 1567 1667 1614 Ovidio

235 1647 420 1715 aliisque
435 1649 661 1706 convenit,
685 1648 721 1697 si
742 1649 801 1697 ob
818 1650 975 1697 Manes
998 1648 1238 1715 placandos
1254 1648 1309 1697 ab
1328 1649 1391 1696 ld.
1412 1648 1541 1697 Febr.
1561 1648 1669 1695 hora

236 1743 355 1780 sexta
366 1751 507 1799 usque
520 1732 574 1781 ad
586 1734 694 1781 Vltl
708 1732 805 1781 Kal.
823 1734 956 1781 Mart.
972 1751 1092 1781 sacra
1104 1751 1285 1789 cessare,
1297 1744 1341 1781 et
1354 1732 1577 1799 principes
1587 1732 1671 1798 pri-

237 1826 338 1863 vato
355 1814 514 1864 habitu
528 1814 728 1863 incedere
748 1814 869 1863 dicit.
897 1814 1030 1864 Ovid.
1054 1815 1169 1862 enim
1192 1816 1255 1871 lt,
1285 1813 1375 1880 567
1401 1834 1410 1861 :
1434 1816 1529 1863 Nec
1540 1824 1671 1861 lamen

237 1896 327 1944 leoec
349 1897 458 1945 ultra
472 1937 484 1954 ,
513 1916 634 1965 quam
656 1907 717 1946 tot
737 1898 789 1945 de
806 1916 939 1946 mense
960 1898 1160 1963 supersint
1180 1896 1381 1962 Lucffen',
1405 1907 1502 1964 quo!
1522 1896 1674 1945 habent

237 1979 415 2027 cannino
436 1989 575 2029 nostra
590 1979 730 2046 pedes.
749 2018 758 2026 .
775 2016 785 2027 .
822 1979 983 2028 Ultima
998 1978 1219 2045 placandis
1240 1979 1441 2027 stlam'bus
1463 1979 1538 2026 illa
1561 1978 1671 2030 dies:

240 2062 361 2130 quod
379 2062 492 2111 bene
509 2082 555 2112 se
571 2063 753 2111 invicem
773 2062 978 2111 illustrat.
1006 2063 1093 2111 Sed
1110 2063 1180 2110 vix
1200 2064 1288 2111 huc
1310 2063 1527 2129 pertinet,
1549 2062 1671 2128 quod

239 2145 388 2194 statim
413 2146 669 2211 subjungit,
707 2158 930 2194 matronas
957 2164 1161 2194 romanas
1184 2164 1237 2193 eo
1266 2145 1500 2212 procedere
1537 2144 1672 2211 pudi-

239 2227 378 2286 citiae,
415 2239 467 2276 ut
489 2228 535 2276 in
556 2228 754 2286 balneis,
787 2248 842 2276 ne
876 2227 1063 2295 plebeiis
1088 2227 1349 2277 mulieribus
1382 2227 1670 2283 misceantur,

240 2308 536 2377 peculiaribus
559 2309 668 2360 locis
694 2311 1034 2378 (ματρωνικιόις)
1076 2322 1287 2368 utantur;
1314 2329 1413 2358 nam
1439 2309 1483 2355 in
1510 2309 1674 2356 Paren-

285 2432 294 2451 ¹
322 2431 503 2477 Siquidem
520 2445 550 2466 v,
564 2445 592 2466 c.
606 2444 725 2466 mense
737 2432 921 2473 Januario,
988 2446 1038 2479 sq.
1055 2432 1317 2468 commentariis
1329 2431 1396 2466 suis
1409 2430 1442 2463 in
1461 2430 1672 2463 Januarium

241 2495 314 2528 cap.
325 2483 347 2517 6
357 2509 366 2525 ,
386 2496 404 2517 a
418 2483 590 2530 magnetis
602 2491 637 2518 et
648 2484 776 2529 piperis
791 2485 924 2519 arboris
990 2486 1099 2521 finem
1108 2485 1267 2531 imponit.
1278 2484 1424 2522 Omnis.
1434 2491 1470 2516 nt
1480 2490 1573 2516 certe
1585 2482 1676 2516 vide-

243 2542 368 2570 natura
386 2562 395 2579 ,
416 2536 458 2570 ad
484 2543 581 2571 ortus
606 2543 640 2570 et
666 2550 805 2572 occasus
827 2549 923 2583 quo-
991 2546 1068 2581 tur,
1087 2539 1161 2573 sine
1184 2550 1285 2573 causa
1301 2549 1320 2572 ο
1340 2536 1388 2570 rei
1407 2543 1531 2569 natura
1551 2535 1676 2569 oblata.

242 2587 405 2622 rumdam
415 2588 583 2631 siderum,
597 2595 631 2623 et
645 2602 717 2634 rap.
732 2603 764 2634 7,
778 2597 853 2635 post
864 2589 926 2623 Ju·
1038 2591 1053 2610 ²
1079 2590 1116 2624 P.
1126 2603 1164 2637 9¹
1181 2616 1190 2632 ,
1208 2588 1251 2624 de
1267 2587 1471 2623 mulieribus
1483 2586 1545 2620 sub
1558 2592 1677 2632 myrto

243 2639 347 2676 nonis
360 2639 578 2684 allegoricam
596 2641 927 2686 interpretationem
994 2641 1099 2677 lavari
1117 2641 1246 2681 solitis:
1268 2654 1301 2686 p.
1331 2652 1389 2683 ¹⁰7
1406 2667 1416 2680 ,
1442 2639 1486 2674 de
1507 2640 1675 2684 pistorum

243 2694 287 2729 de
295 2694 441 2739 Traiani
454 2707 580 2739 genere
593 2702 627 2728 et
642 2696 744 2730 rebus
758 2696 860 2741 gestis
870 2708 929 2730 es·
994 2696 1092 2732 seriis
1109 2723 1119 2741 ,
1144 2702 1181 2731 et
1196 2695 1373 2731 asinorum
1390 2692 1676 2729 coronandorum

244 2747 381 2794 ponit...
393 2754 517 2784 etcum
530 2748 637 2784 Esaia·
648 2748 757 2794 capite
773 2749 786 2785 l
801 2775 809 2794 ,
829 2762 874 2784 vs.
892 2762 925 2784 ιι
995 2761 1094 2785 mm
1112 2754 1176 2783 etc.
1570 2756 1574 2761 '
