1826 3054
531 253 938 334 FAsToRUM
979 290 1115 334 ΜΒ.
1158 290 1248 333 1v.

1515 303 1602 350 277

187 382 343 431 Noctis
363 394 454 431 erat
475 382 669 431 medium
682 420 694 441 ,
716 382 966 449 placidique
985 382 1158 431 silentia
1182 382 1354 440 somni;

252 458 573 526 Triptolemum
593 460 758 522 gremio
777 459 956 508 sustulit
973 459 1047 508 illa
1070 479 1178 508 suo:
1541 471 1606 505 5:30

187 538 359 603 Terque
380 554 510 584 manu
532 536 767 602 permulsit
789 556 913 594 eum3
940 537 1023 585 tria
1045 537 1236 585 carmina
1256 536 1393 594 dixit,

252 612 453 661 Carmina
475 612 652 660 mortali
675 632 767 661 non
789 613 1014 662 reserenda
1033 632 1144 662 sono
1162 633 1172 661 :

184 692 324 757 Inque
346 690 451 739 foco
470 690 597 757 pueri
620 710 783 757 corpus
804 691 976 739 vivente
996 689 1144 739 favilla

249 767 443 824 Obruit,
469 767 711 816 humanum
733 780 895 834 purget
915 780 966 816 ut
985 768 1103 831 ignis
1128 786 1256 816 onus.

182 845 419 893 Excutitur
441 865 598 894 somno
619 846 754 895 stulte
778 847 851 913 pia
872 858 1033 903 maten
1057 857 1102 893 et
1122 864 1294 902 amens,
1539 855 1604 890 555

247 923 373 988 Quid
393 923 540 972 facis?
564 923 800 980 exclamat;
826 924 1108 990 membraque
1131 923 1187 972 ab
1210 923 1314 985 igne
1331 920 1461 988 rapit.

184 1001 271 1051 Cui
289 1002 412 1059 Dea;
439 1003 558 1050 Dum
576 1021 666 1049 non
689 1020 761 1058 es,
787 1001 924 1058 dixit,
952 999 1160 1049 scelerata
1182 1000 1306 1048 fuisti
1322 1037 1335 1058 ,

247 1079 377 1126 Irrita
399 1090 596 1127 materno
617 1090 723 1127 sunt
746 1098 841 1127 mea
864 1078 981 1126 dona
1005 1090 1140 1126 metu.

184 1158 272 1204 Iste
298 1155 474 1222 quidem
493 1154 691 1204 mortalis
710 1156 822 1213 erit;
843 1155 919 1205 sed
943 1155 1114 1222 primus
1139 1153 1306 1211 arabit,

248 1234 310 1281 Et
332 1245 470 1290 seret,
495 1245 539 1282 et
565 1232 683 1281 culta
703 1233 880 1300 praemia
904 1232 1030 1281 tollet
1050 1233 1201 1280 humo.
1540 1243 1604 1276 56o

186 1309 313 1357 Dixit
333 1330 343 1357 ε
367 1321 410 1358 et
430 1310 659 1373 egrediens
681 1310 848 1358 nubem
869 1310 1005 1358 trabit
1018 1348 1030 1368 ,
1052 1310 1187 1376 inque
1206 1310 1419 1358 dracones
1557 1317 1561 1320 ’

249 1388 452 1446 Transit,
477 1399 522 1436 et
542 1387 704 1451 aligero
729 1386 903 1436 tollitur
918 1406 997 1436 axe
1023 1387 1169 1436 Ceres.

182 1498 272 1533 sacto
285 1525 294 1541 ,
310 1498 418 1534 Ceres
426 1499 544 1546 ignem
556 1499 717 1535 exstinxit
728 1526 737 1543 ,
754 1500 858 1534 matri

181 1551 360 1585 stultitiam
380 1551 599 1597 exprobravit
611 1578 624 1595 ,
645 1564 756 1597 puero
774 1551 857 1586 De·-

181 1602 365 1648 mophonti
374 1630 385 1647 ,
401 1616 512 1649 quum
525 1604 760 1640 immortalem
775 1603 859 1638 red-

182 1654 266 1689 dere
280 1655 354 1700 jam
368 1667 441 1690 non
458 1663 572 1701 posset
583 1682 593 1699 ,
615 1655 790 1690 honorem
801 1656 858 1688 in—

180 1716 386 1754 corruptum
402 1709 560 1754 promisit
576 1735 586 1752 ,
612 1709 745 1753 sibique
762 1720 857 1743 sacra

181 1760 313 1795 institui
329 1761 438 1806 jussit.
454 1761 513 1796 Sic
531 1761 653 1808 hymn.
676 1761 857 1796 Homerfc.

182 1823 268 1846 vers.
287 1812 468 1857 235-274;
485 1813 533 1847 sic
545 1812 618 1847 sere
643 1820 678 1847 et
694 1812 856 1858 Apollod.

184 1863 387 1899 Secundum
400 1865 499 1899 illum
525 1867 743 1910 Triptolemus
758 1879 856 1913 aeque

185 1927 223 1949 ac
241 1914 367 1950 Celeus
378 1941 388 1958 ,
407 1915 475 1950 suit
487 1916 599 1952 incola
616 1918 755 1960 Atticae,
769 1931 857 1952 vers.

189 1968 270 2006 155;
288 1965 480 2000 secundum
494 1966 590 2002 hunc
605 1968 722 2002 senior
738 1969 858 2004 Meta·

184 2018 272 2051 nirae
287 2017 387 2052 silius.
413 2018 520 2052 Hunc
537 2018 676 2063 plurimi
695 2020 859 2055 arationis

185 2075 221 2102 et
230 2069 371 2103 sationis
378 2075 555 2103 auctorem
565 2069 601 2102 in
612 2068 745 2103 Graecia
754 2070 860 2104 sacie-

185 2120 288 2161 bant;
298 2120 472 2156 hordeum
482 2121 524 2155 ab
536 2121 622 2155 eoin
635 2127 717 2166 agro
728 2121 860 2155 Rhario

185 2180 298 2208 satum
316 2186 409 2216 esse,
436 2173 622 2208 Pausanias
645 2174 683 2214 1,
705 2174 766 2215 38,
783 2186 860 2207 nan

184 2225 499 2264 rat—Camiaeum,
520 2223 556 2258 id
570 2231 621 2259 est
630 2224 861 2258 formularum

186 2275 416 2321 quarumdam
428 2302 437 2318 ,
457 2288 605 2321 quarum
618 2288 765 2320 magnus
780 2289 863 2310 usus

186 2335 261 2363 erat
274 2329 361 2364 etin
376 2328 481 2363 rebus
498 2328 638 2374 magicis
651 2342 659 2367 ς
680 2328 752 2363 Vll
771 2328 861 2362 Met.

192 2381 272 2427 137;
290 2382 346 2425 X,
364 2381 439 2429 397.
457 2400 501 2407 —
517 2383 663 2416 Mor-mli
681 2389 745 2416 etc.
768 2381 860 2416 confi

189 2434 245 2469 ΠΙ
253 2460 264 2478 ,
278 2434 343 2469 323
354 2448 405 2481 sq.
415 2436 640 2480 —Pnrgetaet
646 2438 738 2479 ignis
751 2445 860 2477 onus,·

190 2486 412 2522 Burmannus
427 2500 469 2522 ex
493 2500 566 2522 uno
585 2487 723 2522 Heinsii
741 2486 861 2522 codice

189 2549 271 2580 opes
279 2538 396 2573 mallet
406 2552 416 2580 3
425 2551 549 2584 eorpus
558 2539 654 2573 enim
664 2538 861 2572 humanum

191 2600 278 2634 opus
291 2601 363 2623 ease
374 2615 384 2632 ‚
400 2596 439 2624 ut
450 2590 564 2624 anima
575 2617 584 2632 ,
600 2590 733 2624 caeleste
746 2604 754 2631 ;
766 2588 862 2634 quod

192 2647 243 2674 est
258 2639 359 2684 paulo
373 2641 524 2686 argutius
539 2655 549 2683 3
562 2641 651 2676 XIV
669 2640 757 2674 Met.
778 2643 860 2686 149:

193 2706 211 2721 ιι
227 2698 476 2738 consumtaqne
483 2693 641 2728 membra
656 2699 795 2727 senecta
807 2691 863 2726 Ad

195 2757 212 2771 »ι
227 2742 414 2777 minimum
442 2743 644 2790 redigantur
666 2757 765 2779 onus.
785 2759 803 2773 »
817 2744 864 2778 Et

190 2797 321 2831 obruere
332 2798 407 2840 igne
419 2794 463 2830 de
477 2795 541 2832 bac
561 2795 684 2832 eadem
698 2809 736 2831 re
757 2796 862 2832 etiam

924 1498 1110 1546 Hyginus,
1127 1497 1269 1533 Servius
1283 1502 1320 1531 et
1330 1495 1486 1530 Lactant.
1502 1506 1605 1528 usur-

922 1557 1062 1596 parunt.

966 1604 1043 1647 557.
1062 1602 1143 1636 Hoc
1157 1612 1352 1650 oxymoron
1367 1597 1605 1640 Ovidius,111

923 1652 1071 1687 Metam.
1086 1655 1129 1693 5;
1148 1653 1225 1695 lx,
1242 1653 1328 1696 408,
1351 1651 1398 1686 sic
1414 1649 1603 1695 expressit:

924 1704 1050 1739 «facto
1069 1705 1146 1750 pius
1164 1711 1200 1738 et
1222 1704 1408 1739 sceleratus
1429 1701 1603 1736 eodem.»

925 1756 1153 1801 Quamquam
1169 1755 1335 1791 sceterata
1349 1767 1422 1788 noar
1430 1767 1469 1788 es
1481 1780 1491 1792 ‚
1521 1751 1603 1797 quia

923 1809 1026 1843 unice
1042 1821 1137 1843 amas
1155 1807 1267 1842 filium
1282 1833 1292 1850 ,
1312 1819 1410 1852 aeque
1430 1812 1548 1839 tamen
1570 1804 1604 1839 ei

923 1861 1092 1904 nocuisti,
1110 1874 1149 1895 ac
1170 1860 1198 1895 si
1222 1872 1306 1894 eum
1322 1858 1460 1893 odisses.
1478 1857 1550 1892 Pro
1564 1869 1606 1891 es

923 1914 978 1947 alii
995 1917 1048 1947 υιίι·
1059 1940 1068 1954 ,
1088 1912 1181 1957 quod
1199 1911 1299 1946 fluxit
1315 1911 1357 1946 ab
1372 1911 1433 1953 iis,
1452 1909 1512 1955 qui
1527 1920 1603 1943 non

922 1978 1046 2010 cepere
1062 1965 1133 1998 vim
1148 1964 1327 1998 acuminis.

965 2018 1040 2052 551.
1066 2017 1173 2063 Apud
1193 2015 1468 2063 Apollodorum,
1493 2018 1563 2050 ἔαυτ
1565 2020 1601 2055 ἦν

923 2072 957 2104 '‘·
958 2072 1044 2116 ε’,τῃνε
1053 2082 1110 2112 ,se
1127 2068 1281 2104 exhibuit
1292 2068 1428 2110 Deam,
1445 2066 1572 2111 idque
1562 2079 1601 2100 ιιι

923 2119 1046 2166 hymn.
1062 2120 1256 2154 Homerico
1278 2133 1318 2163 27
1302 2123 1365 2162 ¹⁷,5
1386 2118 1468 2153 fecit
1485 2118 1602 2163 depo-

924 2172 987 2205 sita
999 2178 1204 2215 senectute,
1227 2147 1380 2206 resumta
1394 2170 1507 2204 forma
1531 2183 1603 2204 au-

925 2230 1036 2270 gusta,
1048 2223 1156 2258 odore
1168 2231 1267 2269 grato
1277 2232 1313 2258 et
1322 2222 1507 2269 splendore
1518 2234 1603 2267 quo-

925 2275 1018 2310 dam.
1034 2277 1103 2310 Hic
1117 2279 1235 2311 nubent
1248 2279 1355 2311 tmhit
1366 2304 1375 2317 ,
1398 2276 1434 2310 id
1449 2283 1502 2310 est
1513 2302 1523 2318 ,
1541 2284 1603 2310 at-

924 2328 1050 2371 trahit,
1069 2335 1106 2362 et
1124 2328 1257 2363 incedit
1268 2327 1481 2364 circumdata
1497 2327 1603 2361 nube.

925 2399 969 2406 —
984 2382 1088 2424 Inque
1099 2382 1261 2415 dracones
1271 2387 1336 2415 etc.
1350 2379 1518 2414 Heinsius
1527 2391 1607 2413 ma-

925 2431 1017 2467 lebat
1041 2434 1121 2466 inde
1139 2434 1299 2469 ala-amnes
1322 2433 1483 2476 Skanda,-
1499 2431 1602 2466 male.

928 2485 1030 2519 Nube
1038 2483 1251 2518 circumdata
1260 2484 1296 2517 in
1310 2496 1455 2518 currum
1464 2484 1602 2527 transit,

926 2537 981 2572 cui
991 2536 1160 2571 dracones
1170 2536 1291 2580 juncti.
1303 2535 1359 2570 De
1369 2536 1472 2571 sacris
1481 2536 1515 2570 ei
1528 2536 1601 2581 jam

927 2589 969 2622 ab
994 2587 1180 2623 Eleusiniis
1200 2587 1386 2630 institutis,
1412 2587 1457 2622 de
1478 2588 1602 2633 quibus

927 2640 1080 2687 hymnus
1092 2640 1203 2674 multa
1220 2639 1323 2675 babet
1335 2666 1346 2682 ,
1363 2639 1493 2675 Noster
1514 2639 1603 2674 nihil

927 2690 1053 2734 tradit,
1070 2691 1131 2726 scd
1149 2691 1342 2738 catalogum
1361 2691 1602 2727 rursusloco-

928 2755 1009 2777 rum
1023 2744 1127 2778 struit
1139 2769 1151 2786 ,
1167 2756 1245 2789 qua
1262 2743 1339 2778 Dea
1353 2743 1605 2790 pererraret-in

929 2795 1067 2831 amabat
1084 2796 1181 2831 enim
1199 2795 1291 2831 tales
1300 2795 1480 2841 catalogos.
