1826 3054
555 237 621 281 IN
665 237 909 281 OVIDII
947 236 1237 282 FASTOS.
1516 237 1595 280 501

191 329 271 377 hac
302 330 514 396 particula
545 330 788 396 composita
811 341 1032 391 arguunt;
1063 329 1216 377 confer
1237 330 1353 377 Fest.
1387 328 1474 377 vid.
1503 330 1602 377 Am.

191 408 322 455 verba
343 429 352 455 ε
373 408 577 474 anquirere
602 408 623 473 (
642 409 827 464 circum,
854 407 966 455 circa
991 425 1179 473 quoerere
1199 408 1245 468 )‚
1272 426 1417 474 anceps
1440 409 1605 472 (διπρό-

192 487 356 547 σωπος)
385 485 574 533 anclabre
605 486 983 550 (ἀμφικύπελλον),
1023 484 1152 531 ancile
1183 482 1204 547 (
1225 482 1607 542 circumcaelatum,

189 562 372 629 Neapol.
395 563 451 610 ad
470 564 539 620 Il,
568 563 673 624 435.
693 564 714 628 )

254 639 483 702 Singulare
500 653 644 688 autem
667 641 713 688 in
735 638 1005 707 mythologia
1023 640 1181 688 veteris
1198 639 1313 688 Latii
1334 651 1605 688 momentum

188 726 255 763 est
269 752 280 771 ,
306 717 485 764 numina
503 717 585 765 ista
600 729 770 765 tantum
789 737 878 765 non
899 717 1045 765 omnia
1063 717 1266 764 vaticinio
1287 727 1330 764 et
1343 729 1469 765 cantu
1488 716 1605 782 apud

186 792 399 841 mortales
423 793 627 842 claruisse
641 833 652 853 ,
678 806 721 843 et
736 794 1116 843 celeberrimorum
1131 793 1406 843 oraculorum
1420 794 1466 841 in
1478 793 1606 842 Italia

186 868 366 934 antiqua
389 870 584 936 undique
606 870 787 933 vestigia
810 882 924 918 sunt.

251 946 319 994 De
341 948 492 995 Fauno
515 948 731 1014 Picoque‚
756 947 809 996 de
836 948 997 1015 quibus
1022 947 1149 997 locus
1172 948 1294 997 class.
1322 957 1462 995 exstat
1484 944 1602 1011 apud

185 1021 307 1084 Virg.
334 1024 507 1073 AEneid.
524 1027 609 1072 Vll
623 1064 636 1083 ‚
659 1026 714 1072 81
739 1046 749 1082 ;
773 1026 912 1092 deque
935 1025 1216 1075 celeberrimo
1238 1026 1374 1074 Fauni
1400 1023 1600 1080 oraculo,

186 1102 307 1166 quod
322 1104 506 1152 Latinus
527 1104 580 1152 de
596 1104 775 1152 Lavinia
798 1124 877 1153 sua
891 1105 1103 1162 consulit,
1129 1106 1305 1154 abunde
1326 1106 1417 1168 egit
1435 1104 1488 1152 ad
1504 1103 1548 1150 h.
1569 1101 1598 1150 l.

183 1177 326 1227 Illust.
367 1181 590 1247 Heyniusf.
624 1182 812 1230 Ovidius
838 1182 1013 1231 duobus
1044 1182 1154 1231 locis
1184 1183 1335 1248 (Fast.
1367 1183 1453 1238 IV,
1479 1179 1566 1228 651
1590 1199 1599 1238 ;

183 1255 250 1301 III
266 1293 279 1313 ‚
306 1273 392 1322 291
413 1256 457 1321 )‚
477 1259 671 1323 ejusdem
692 1259 884 1317 oraculi,
911 1259 1033 1326 quod
1057 1259 1227 1307 diverso
1249 1259 1385 1307 modo
1403 1269 1600 1314 exornat,

183 1335 447 1385 mentionem
467 1338 626 1402 injecit.
646 1339 684 1386 A
702 1339 917 1387 vaticiniis
932 1339 1071 1387 eidem
1087 1339 1141 1386 F
1135 1339 1224 1386 atui
1235 1356 1397 1386 nomen
1412 1337 1602 1384 inditum

183 1425 274 1469 est,
302 1415 422 1480 quod
450 1417 837 1482 proprie-salt'dtkus
859 1428 949 1473 est,
978 1428 1132 1483 postea
1159 1437 1212 1465 ex
1235 1417 1383 1465 eadem
1407 1415 1603 1464 idearum

182 1492 510 1557 conjunctione,
531 1495 584 1543 de
597 1495 828 1552 delirante,
846 1495 1089 1562 desipiente
1105 1495 1191 1543 dici
1205 1495 1358 1561 erepit,
1375 1514 1459 1560 qua
1470 1503 1603 1557 μάντις

180 1569 234 1615 de
256 1581 445 1637 utroque
470 1573 633 1622 Graecis
656 1572 742 1620 dici
774 1571 944 1620 solebat
962 1610 974 1630 ‚
1009 1573 1070 1620 ita
1101 1585 1243 1621 tamen
1266 1612 1278 1630 ‚
1312 1585 1362 1620 ut
1390 1573 1435 1620 in
1465 1581 1598 1635 μα’ντις

179 1648 305 1695 notio
312 1648 489 1713 furendi
508 1650 780 1716 praecederet.
797 1649 1087 1714 Frequentius
1104 1669 1217 1698 uxor
1236 1650 1328 1714 ejus
1345 1651 1493 1698 Fauna
1504 1650 1559 1698 F
1551 1669 1600 1698 α-

176 1735 249 1772 tua
267 1725 352 1773 dici
372 1725 497 1775 solet.
524 1728 663 1775 Vetus
688 1727 740 1775 de
761 1745 809 1775 ea
833 1728 1011 1794 mythus
1033 1728 1202 1792 (Butas
1225 1727 1342 1795 apud
1355 1727 1524 1775 Arnob.
1539 1729 1595 1786 V,

179 1822 279 1868 pag.
306 1822 395 1869 993
419 1804 532 1853 Elm.
561 1806 678 1854 Plut.
704 1809 874 1871 Quaest.
897 1826 1007 1855 rom.
1033 1823 1095 1853 20
1116 1807 1138 1872 )
1170 1817 1317 1853 narrat
1336 1804 1599 1855 mulieribus

178 1899 272 1927 eam
293 1882 381 1929 fata
405 1883 634 1942 cecinisse,
659 1886 858 1934 Faunum
882 1887 1007 1940 viris.
1034 1903 1113 1932 nec
1138 1903 1333 1950 unquam
1358 1884 1419 1931 ob
1444 1884 1596 1947 singu-

178 1956 310 2005 larem
329 1960 628 2008 castimoniam
647 1962 786 2010 w‘rum
807 1962 966 2011 vidisse
983 1982 993 2019 3
1014 1960 1189 2009 tandem
1203 1998 1215 2019 ‚
1235 1972 1372 2027 quum
1387 1960 1496 2009 clam
1509 1981 1594 2010 ma-

177 2034 310 2083 ritum
325 2055 347 2084 e
359 2036 462 2083 vino
485 2049 594 2103 poto
609 2038 862 2087 ebrietatem
882 2039 1195 2095 contraxisset,
1221 2038 1355 2100 virgis
1369 2039 1424 2086 ab
1440 2038 1595 2088 eodem

177 2112 232 2159 ad
255 2125 440 2161 mortem
465 2133 618 2163 caesam
641 2134 754 2173 esse,
780 2128 931 2183 postea
955 2116 1114 2163 divinis
1134 2116 1384 2165 honoribus
1406 2129 1588 2165 auctam.

175 2189 247 2236 Ad
280 2190 391 2238 hanc
420 2190 613 2240 fabulam
646 2193 860 2241 referendi
896 2207 1002 2243 sunt
1023 2195 1135 2243 ritus
1160 2213 1381 2243 sacrorum
1406 2195 1443 2243 ei
1470 2195 1538 2243 die
1568 2214 1585 2242 1

175 2269 283 2317 Maii
309 2269 458 2319 offerri
482 2270 728 2320 solitorum.
754 2273 920 2322 Eadem
947 2274 1061 2322 enim
1084 2274 1270 2332 videtur,
1296 2293 1427 2341 quam
1445 2274 1590 2322 bonam

173 2345 314 2393 Deam
334 2347 575 2406 vocabant,
601 2348 901 2398 consentiente
925 2349 1043 2397 Plut.
1073 2350 1181 2398 Caes.
1207 2369 1251 2416 p.
1282 2368 1335 2416 71
1351 2369 1369 2397 1
1384 2388 1397 2409 ,
1419 2351 1589 2398 Bonam

171 2420 310 2469 Deam
334 2422 511 2488 Dryada
535 2435 578 2471 et
601 2425 739 2472 Fauni
761 2445 943 2474 uxorem
969 2426 1165 2485 dicente3
1197 2427 1398 2475 Macrob.
1424 2429 1474 2486 I,
1511 2444 1588 2484 12,

172 2498 349 2547 Terram
384 2501 514 2549 etiam
550 2513 594 2550 et
626 2503 770 2569 Opem
804 2505 1031 2552 immiscet.
1062 2534 1114 2542 ·-
1148 2506 1217 2554 De
1247 2506 1588 2554 commutatione

173 2592 271 2622 cum
296 2575 414 2624 Pane
438 2596 506 2626 res
527 2589 631 2626 nota
654 2590 744 2636 est,
769 2591 813 2628 et
834 2580 1089 2647 Lupercalia
1108 2593 1224 2629 recte
1249 2581 1438 2632 Ovidius
1462 2602 1486 2630 a
1503 2584 1587 2648 Ly-

173 2650 515 2701 caeis-Arcadicis
536 2654 697 2721 repetit
717 2655 812 2719 (II,
842 2655 928 2703 281
947 2657 992 2720 );
1016 2675 1117 2705 nam
1137 2657 1191 2704 ad
1214 2676 1357 2720 regem
1381 2659 1586 2706 Latinum

173 2746 355 2792 prorsus
373 2748 464 2780 non
484 2743 694 2799 spectant.
711 2732 941 2800 Quicquid
963 2734 1094 2784 etiam
1110 2734 1163 2783 de
1185 2746 1350 2787 terrore
1368 2737 1525 2802 panico
1545 2747 1590 2784 et
