1826 3054
516 266 587 310 IN
620 264 867 309 ov1D11
900 263 1195 308 FAsTos.
1477 263 1563 318 485

155 361 271 411 Plin.
285 362 463 418 XVIII,
480 359 540 407 25
554 378 659 426 sqq,
684 357 954 422 Quinctilios
971 356 1087 424 apud
1104 357 1243 424 Geop.
1260 358 1305 413 I,
1325 368 1395 413 lx,
1418 376 1463 424 p.
1484 357 1565 423 39,

156 451 352 496 exstant,
377 438 564 486 conflata
587 448 711 493 sunt,
738 435 971 502 omniaque
1000 446 1215 501 praecepta
1243 433 1374 482 Plinii
1395 471 1408 491 ,
1429 433 1567 481 Colu-

155 516 293 565 mellae
317 508 604 581 virgiliique,
639 514 676 562 si
710 525 882 580 tempus
912 511 1197 559 indicandum
1225 521 1315 567 est,
1345 529 1437 558 non
1466 510 1568 559 anni

155 611 324 641 menses
339 630 351 648 ,
376 592 452 641 sed
477 592 666 640 siderum
692 609 871 639 occasus
893 601 936 636 et
957 601 1082 637 ortus
1101 600 1311 655 spectant.
1335 588 1404 636 De
1427 588 1569 654 ipsius

156 682 300 718 autem
330 668 422 717 caeli
452 668 755 717 observatione
779 679 884 715 tunc
907 686 999 715 non
1024 667 1302 729 cogitabatur
1319 666 1364 713 in
1380 666 1567 721 rustico,

156 758 198 793 et
222 745 336 793 Plin.
363 747 517 793 XVIII
541 764 574 793 s.
601 743 685 800 6ο,
711 742 798 800 65,
824 742 907 808 67,
932 736 1142 790 indocilem
1163 742 1259 790 caeli
1274 741 1490 808 agn'colam
1513 740 1567 788 ad

154 821 258 868 folia
280 822 460 870 decidua
482 833 701 887 tamqnam
724 819 949 868 Pleiadum
969 819 1259 867 occidentium
1280 818 1478 880 signum,
1507 816 1568 863 ci-

155 898 347 946 cindelas
361 910 505 946 autem
520 897 714 946 lucentes
727 935 739 955 ,
762 897 903 945 sidera
915 895 989 944 illa
1004 895 1245 953 terrestria,
1263 906 1314 942 ut
1335 893 1568 942 caelestium

156 975 522 1042 contemplatione
534 987 724 1033 careant,
739 987 959 1041 tamquam
976 973 1156 1023 solstitii
1171 971 1569 1039 appropinquantis

156 1052 331 1115 signum
353 1054 575 1101 attendere
592 1053 728 1118 jubet.
756 1051 992 1115 Virgilium
1012 1051 1261 1116 (Georg.1,
1279 1049 1368 1115 257
1383 1048 1544 1112 )etiam
1557 1085 1569 1104 ,

157 1130 233 1195 qui
256 1131 479 1198 praecipit:

332 1251 404 1286 Nec
420 1250 547 1286 frustra
564 1251 744 1298 signorum
760 1253 875 1288 obitus
887 1252 1107 1299 speculamur
1122 1258 1158 1288 et
1173 1259 1270 1286 ortus
1280 1277 1291 1295 ,

333 1311 632 1357 Temporibusque
651 1325 771 1358 parem
790 1313 931 1348 diversis
948 1320 1097 1358 quatuor
1114 1324 1248 1346 annum
1266 1325 1276 1353 ;

155 1409 304 1474 potius
327 1410 411 1459 hoc
435 1410 521 1458 sibi
546 1411 679 1469 velle,
702 1424 754 1460 ut
775 1412 937 1460 horum
960 1411 1173 1459 fastorum
1196 1429 1327 1459 usum
1352 1427 1573 1457 commen-

155 1485 250 1542 det,
282 1504 413 1551 quam
438 1486 534 1552 ipsa
562 1487 704 1536 sidera
731 1488 961 1537 observare
981 1488 1134 1552 jubeat
1149 1524 1162 1544 ,
1194 1485 1366 1549 egregie
1388 1484 1443 1532 ad
1465 1484 1509 1531 h.
1538 1483 1568 1531 l.

153 1563 325 1611 notavit
347 1565 479 1612 Voss.
502 1566 625 1629 Quin
646 1585 699 1614 ex
719 1566 790 1614 his
812 1566 920 1631 ipsis
943 1565 1130 1623 tabulis,
1156 1565 1321 1630 quibus
1340 1574 1569 1610 auctorum

154 1640 331 1688 nomina
346 1640 656 1706 probabiliter,
682 1643 749 1691 vel
766 1644 812 1690 in
831 1641 992 1699 titulis,
1015 1642 1083 1691 vel
1102 1643 1146 1689 in
1165 1639 1351 1703 singulis
1368 1639 1572 1686 observa-

155 1718 356 1767 tionibus
380 1719 600 1786 adscripta
621 1731 746 1768 erant
765 1757 777 1777 ,
808 1720 1028 1768 astronomi
1050 1719 1119 1766 illi
1138 1717 1328 1766 diumoiri
1346 1717 1503 1764 Conon
1528 1725 1572 1762 et

155 1794 366 1843 Eudoxus
392 1802 401 1819 ¹
417 1833 429 1853 ,
453 1815 552 1862 quos
568 1795 743 1860 Virgilii
766 1808 918 1862 pastor
936 1795 1100 1863 poculo
1123 1794 1369 1860 insculptos
1389 1792 1568 1850 habuit,

155 1872 410 1937 pastoribus
433 1884 477 1920 et
499 1872 703 1934 agricolis
721 1874 966 1922 innotuisse
987 1885 1207 1940 poterant.
1230 1871 1325 1920 Ecl.
1347 1873 1437 1927 III,
1460 1872 1523 1932 4ο
1538 1890 1555 1918 τ

334 1990 376 2025 In
394 1989 511 2025 medio
531 1989 604 2025 duo
617 1990 714 2036 signa
726 2016 737 2034 ,
757 1990 884 2025 Conon
902 1997 938 2026 et
954 1990 1030 2036 quis
1045 1990 1110 2025 suit
1126 1980 1213 2025 alter
1223 2016 1233 2033 ,

333 2050 526 2093 Descripsit
538 2051 634 2084 radio
649 2054 753 2083 totum
767 2052 829 2094 qui
836 2052 990 2093 gentibus
1005 2051 1113 2085 orbem
1121 2077 1131 2090 ,

342 2109 503 2153 Tempora
512 2135 521 2149 ,
538 2121 610 2152 que
624 2120 765 2148 messor,
787 2121 859 2152 que
873 2121 991 2143 curvus
1002 2115 1118 2143 arator
1129 2111 1273 2145 haberet.

224 2220 302 2266 IV.
314 2218 478 2279 Praeter
497 2217 746 2266 Graecorum
761 2229 803 2266 et
816 2217 1215 2268 Alexandrinorum
1230 2219 1572 2277 observationes,

162 2297 253 2345 aliae
288 2297 415 2346 etiam
447 2296 494 2343 in
522 2295 650 2344 Italia
679 2296 893 2346 institutae
922 2309 1221 2355 accesserant,
1255 2298 1379 2347 verbi
1404 2318 1440 2347 c.
1476 2299 1574 2347 Cae-

164 2373 270 2422 saris
293 2373 410 2440 apud
431 2373 624 2421 Plinium
648 2392 761 2440 saepe
785 2374 889 2422 satis
911 2385 1070 2422 exactae
1085 2411 1098 2431 ‚
1129 2386 1173 2422 et
1191 2373 1295 2422 fasti
1316 2373 1576 2441 plerumque

164 2464 206 2500 et
227 2471 385 2515 graecas
402 2464 452 2500 et
467 2470 669 2500 romanas
690 2451 876 2516 junctim
898 2452 1104 2500 exhibere
1120 2451 1335 2500 solebant.
1358 2452 1576 2501 Plurimas

162 2540 265 2576 vett.
287 2528 630 2585 observationes,
651 2528 796 2594 quoad
812 2529 1036 2579 veritatem
1055 2530 1391 2578 astronomicam
1406 2531 1576 2593 egregie

213 2663 224 2682 ¹
251 2661 438 2696 Eudoxum
464 2668 583 2696 autem
612 2674 685 2696 esse
714 2660 811 2695 illum
829 2687 841 2704 ,
904 2661 1050 2696 rusticos
1063 2661 1259 2705 habebant,
1279 2674 1411 2697 nomen
1425 2662 1581 2696 nemini-

167 2713 266 2757 cujus
281 2725 412 2748 nomen
429 2726 502 2748 non
518 2714 670 2760 suppetit
684 2713 840 2756 canenti,
907 2726 974 2758 que
983 2713 1195 2757 secundum,
1206 2713 1281 2749 fere
1291 2714 1507 2760 exploratum
1517 2721 1578 2748 est.

170 2766 213 2799 ob
239 2765 374 2800 celebre
388 2792 397 2809 ,
425 2765 518 2811 quod
542 2766 618 2810 eius
643 2765 723 2801 fasti
750 2765 844 2811 apud
908 2765 1002 2800 vide
1019 2764 1222 2806 Lucanum,
1241 2765 1362 2802 Phars-
1376 2766 1410 2801 X
1422 2792 1432 2810 ,
1452 2767 1522 2809 187.
