1826 3054
507 184 915 229 FASTORUM
957 185 1087 229 LIB.
1123 185 1181 229 V.

1466 186 1554 246 319

197 283 255 329 Et
276 299 357 329 vos
376 281 575 328 Lunares
602 275 840 326 exsiluistis
864 276 980 343 equi.

135 361 221 409 Sed
243 378 386 426 neque
412 370 526 407 terra
545 356 621 404 diu
644 354 750 404 caelo
765 393 778 413 ‚
798 373 879 404 nec
903 366 1052 403 caetera
1074 353 1246 404 Phoebo

201 438 351 486 Sidera
375 436 617 486 cedebant:
638 454 718 502 par
737 445 830 482 erat
852 432 996 483 omnis
1017 433 1178 481 honos.

135 515 259 580 Saepe
282 511 442 578 aliquis
466 510 580 560 solio
595 548 608 568 ‚
633 509 755 576 quod
777 521 825 558 tu
841 546 854 567 ,
878 509 1088 567 Saturne,
1116 508 1317 570 tenebas,

200 594 350 641 Ausus
374 591 427 639 de
446 589 590 638 media
610 588 742 656 plebe
763 587 913 636 sedere
934 587 1055 636 deus.
1514 613 1559 636 20

138 671 198 717 Et
222 667 338 717 latus
363 669 543 717 Oceano
565 666 799 733 quisquam
823 665 931 713 deus
950 664 1114 712 advena
1134 663 1308 729 junxit;

206 744 373 810 Tethys
397 755 441 791 et
463 755 657 791 extremo
682 760 794 808 saepe
817 752 990 807 recepta
1015 739 1116 788 loco
1138 751 1228 788 est:

136 822 295 870 Donec
318 822 474 869 Honos
488 859 500 878 ‚
523 819 786 888 placidoque
810 818 968 867 decens
992 817 1252 866 Reverentia
1274 815 1400 865 vultu

207 901 406 967 Corpora
428 898 637 962 legitimis
660 899 906 965 imposuere
930 896 1053 944 toris.

142 1047 160 1062 »ι
181 1032 291 1067 tellus.
311 1047 327 1062 ›·
348 1032 435 1066 Haec
458 1030 528 1066 XV
554 1030 701 1065 Metam.
726 1031 786 1073 ²4¹
807 1055 817 1071 ,

143 1084 243 1129 plane
267 1084 482 1129 explicantur
499 1108 508 1125 ‚
541 1096 559 1111 κ
588 1081 753 1116 Pondere
780 1081 819 1115 in

146 1152 162 1165 »ι
183 1136 329 1170 inferius
344 1135 517 1169 seruntur.
535 1148 553 1163 ι·
568 1150 613 1159 ·-
625 1132 680 1167 De
697 1132 767 1167 sole
785 1139 822 1167 et

143 1187 229 1221 luna
251 1190 404 1227 exsilire,
423 1194 463 1221 ut
480 1186 497 1220 1
515 1185 662 1220 Metam.
681 1184 726 1219 de
741 1184 821 1230 igne

144 1246 295 1276 emicare.

193 1307 204 1327 1
214 1307 241 1338 7.
263 1292 401 1328 Omnes
416 1305 515 1338 pares
529 1298 630 1326 erant
643 1291 822 1337 dignitate.

148 1346 217 1380 Hic
239 1345 359 1380 miscet
383 1351 497 1389 partes
519 1343 643 1377 mundi
663 1350 699 1377 et
716 1342 821 1385 deos3

146 1397 211 1431 illae
221 1397 315 1431 enim
326 1409 346 1431 e
357 1396 579 1441 cosmogonia
591 1396 732 1439 antiqua
744 1407 824 1440 per-

146 1459 240 1482 sonae
255 1454 354 1481 erant
371 1446 506 1481 divina.
532 1446 679 1480 Lenzius
697 1452 797 1490 putat
813 1471 824 1489 ,

147 1498 291 1533 describi
314 1498 370 1532 hic
388 1498 571 1543 paritatem
598 1498 633 1531 in
657 1496 825 1532 conviviis

146 1548 293 1584 deorum
305 1576 315 1592 ,
333 1556 368 1584 et
383 1549 568 1594 respexisse
586 1555 727 1594 poetam
743 1559 824 1581 rno-

147 1614 202 1636 res
216 1601 462 1636 Romanorum
479 1601 515 1635 in
534 1601 683 1636 triclinio
698 1614 707 1641 3
730 1599 827 1644 quod

148 1666 212 1698 ego
226 1667 298 1688 non
317 1654 477 1688 arbitror.
495 1653 574 1687 Hoc
593 1665 707 1686 unum
729 1652 803 1685 vult
816 1676 826 1694 ,

150 1705 316 1740 sedebant
331 1706 526 1750 promiscue
541 1705 578 1738 in
589 1703 828 1738 conventibus.

151 1775 193 1781 —
208 1756 262 1790 De
275 1759 373 1800 plebe
389 1757 550 1791 Deorum
562 1783 572 1799 ‚
600 1755 635 1790 id
653 1763 705 1790 est
721 1781 731 1798 ,
752 1755 830 1789 Diis

152 1808 294 1843 secundi
309 1807 440 1843 ordinis
455 1834 465 1851 ,
491 1807 570 1842 vide
587 1807 630 1842 ad
647 1808 662 1842 1
682 1807 831 1841 Metam.

160 1859 432 1903 173.—Oceanus
443 1887 452 1899 ‚
472 1872 562 1894 unus
572 1872 613 1894 ex
622 1859 806 1894 Titanibus
819 1884 829 1902 ‚

158 1910 242 1945 Caeli
264 1918 300 1945 et
315 1911 435 1946 Terrae
454 1911 545 1945 (ilius
558 1936 568 1953 ‚
586 1910 742 1955 adeoque
757 1912 831 1944 Sa—

155 1963 370 1998 lurnisrater.
385 1965 461 2009 lpse
472 1963 559 1998 adeo
568 1970 601 1997 et
619 1965 740 2009 Tethys
752 1977 834 1998 con·

159 2018 215 2059 jux
228 2017 262 2050 in
276 2017 519 2061 antiquissimis
533 2023 632 2051 eraut
644 2015 708 2050 diis
717 2042 726 2059 ,
737 2028 834 2061 quo-

159 2080 238 2101 rum
257 2069 452 2103 reverentia
475 2080 564 2112 saepe
591 2066 675 2101 deos
698 2067 834 2108 movit;

161 2121 195 2155 11
211 2120 358 2155 Metam.
379 2123 453 2155 510.
477 2120 642 2165 Antiquis
660 2126 835 2153 terrarum

161 2174 280 2208 incolis
309 2174 577 2219 opponebantur
593 2199 603 2215 ,
635 2185 717 2207 cum
742 2184 836 2207 con-

163 2234 271 2262 temtu
288 2228 494 2273 plerumque
507 2254 517 2271 ‚
534 2229 669 2261 advene
680 2253 689 2266 ‚
712 2225 747 2260 id
764 2231 836 2268 est,

163 2280 347 2325 peregrini.
363 2280 485 2325 Itaque
497 2286 600 2325 poeta
618 2278 682 2313 diis
698 2290 838 2323 quoque

164 2332 312 2376 antiquis
334 2334 502 2372 advenas,
532 2343 641 2365 novos
661 2338 698 2365 et
713 2331 838 2364 humi-

164 2384 266 2418 liores
281 2384 383 2429 deos,
408 2385 578 2431 opposuit.
602 2377 750 2419 Lerizius
775 2397 841 2430 pu·

166 2435 260 2469 tabat
271 2461 281 2478 ,
300 2436 451 2481 plebeios
467 2437 546 2472 ideo
557 2463 567 2479 ,
585 2438 734 2470 advenas
749 2435 816 2470 dici
829 2461 839 2480 ,

167 2486 246 2531 quia
262 2487 395 2533 longius
409 2501 429 2522 a
442 2488 540 2523 Jovis
556 2488 682 2534 palatio
697 2487 840 2522 habita-

167 2539 238 2572 rint
254 2553 263 2580 ;
282 2538 297 2572 l
311 2539 455 2574 Metam.
473 2540 545 2584 173.
554 2542 694 2574 Verum
703 2540 759 2573 illa
767 2539 842 2574 caeti

168 2590 490 2636 domiciliorumque
498 2592 684 2627 celestium
694 2591 842 2636 descrip-

170 2643 218 2677 tio
233 2643 376 2678 Saturni
393 2651 550 2690 tempore
560 2645 722 2679 nondum
739 2650 814 2679 erat
831 2657 841 2684 ς

171 2708 284 2740 neque
303 2709 322 2730 a
338 2696 427 2742 regis
442 2697 550 2731 domo
564 2697 700 2742 longius
714 2696 843 2731 remoti

883 1031 1019 1063 advene
1034 1028 1101 1063 dici
1116 1033 1270 1074 possunt.
1295 1027 1463 1062 Heinsius
1478 1039 1563 1061 me—

883 1081 1003 1115 tuebat
1016 1107 1025 1123 ,
1048 1087 1086 1114 ut
1102 1080 1158 1114 hic
1175 1093 1262 1114 vers.
1279 1086 1368 1114 esset
1384 1079 1429 1113 ab
1443 1078 1564 1114 Ovidii

885 1145 993 1167 manu
1008 1147 1016 1173 ;
1033 1132 1203 1166 Mazarin.
1222 1133 1310 1165 Nam
1319 1134 1411 1164 latus
1430 1132 1566 1165 Oceano

885 1188 960 1231 quis
972 1187 1105 1230 quando
1118 1187 1189 1219 leve
1205 1186 1362 1228 legebas,-
1379 1183 1481 1218 multi
1494 1185 1569 1217 Nee

886 1240 989 1271 latus.
1006 1238 1127 1281 Itaque
1145 1235 1238 1270 idem
1252 1235 1318 1281 legi
1333 1234 1484 1277 volebat,
1497 1237 1571 1270 Nec

886 1292 978 1324 latus
1000 1289 1135 1323 Oceano
1151 1315 1160 1328 ,
1191 1289 1343 1332 quamvis
1360 1289 1541 1330 grandaeva
1555 1314 1565 1326 ,

887 1343 1020 1384 tegebat
1038 1342 1170 1386 Tethys.
1188 1339 1367 1373 Audacter
1380 1365 1389 1382 ,
1407 1351 1473 1372 nec
1488 1339 1570 1374 satis

887 1393 1043 1428 feliciter.
1061 1393 1113 1427 Ut
1128 1392 1231 1438 paulo
1248 1399 1329 1427 ante
1347 1393 1512 1427 Saturnus
1534 1400 1573 1426 et

889 1457 980 1479 unus
998 1447 1041 1479 de
1050 1447 1148 1489 plebe
1158 1471 1168 1485 ,
1185 1445 1232 1479 sic
1248 1457 1344 1479 nunc
1364 1445 1521 1478 Oceanus
1537 1450 1573 1478 et

888 1499 1018 1531 advena
1034 1497 1123 1531 bene
1139 1497 1203 1531 sibi
1219 1503 1461 1542 opponuntur.
1476 1497 1573 1530 Bur-

890 1562 1041 1585 mannus
1058 1551 1188 1595 legeret
1202 1563 1211 1583 :
1229 1551 1278 1584 Et
1293 1553 1386 1584 latus
1409 1551 1545 1584 Oceano
1557 1576 1566 1589 ‚

890 1606 1041 1647 quamvis·
1067 1604 1150 1636 deus
1169 1603 1316 1640 advena,
1336 1601 1476 1646 junxit,
1503 1601 1575 1635 ad·-

891 1653 963 1688 dita
987 1653 1051 1688 hae
1076 1653 1368 1698 interpretatione
1395 1665 1404 1687 ε
1435 1652 1514 1687 licet
1538 1659 1575 1687 et

892 1712 981 1740 esset
995 1706 1177 1740 minorum
1194 1704 1352 1750 gentium
1371 1712 1406 1739 et
1429 1703 1576 1738 adsciti-

893 1760 960 1793 tius
980 1759 1075 1805 quasi
1094 1758 1180 1793 deus
1195 1784 1205 1801 ,
1225 1759 1284 1803 qui
1303 1758 1406 1804 longe
1423 1765 1513 1792 stare
1532 1757 1575 1792 ab

895 1811 1042 1846 Cceano
1069 1810 1212 1845 deberet
1226 1837 1235 1854 ,
1261 1810 1350 1845 sedit
1375 1810 1431 1844 ille
1457 1817 1576 1844 tamen

895 1863 1022 1898 eodem
1031 1863 1155 1898 ordine
1168 1889 1177 1905 ,
1196 1875 1266 1908 quo
1277 1862 1503 1897 Oceanus.—
1511 1863 1576 1895 Be·

894 1922 990 1959 cepla
1010 1922 1081 1955 est,
1104 1914 1202 1949 sedes
1220 1915 1251 1948 ei
1271 1914 1389 1948 relicta
1405 1920 1482 1957 est,
1499 1925 1576 1947 ca:-

895 1968 979 2002 teris
994 1968 1066 2012 jam
1084 1966 1355 2001 considentibus.

936 2021 1059 2064 23-34.
1068 2020 1242 2055 Paulatim
1250 2022 1372 2054 bonore
1382 2017 1579 2053 afficieban-

898 2077 956 2105 tur
978 2097 988 2114 ,
1019 2078 1265 2116 reverenterque
1293 2071 1499 2106 colebantur
1528 2069 1578 2104 dii

899 2122 1104 2157 muneribus
1119 2130 1156 2157 et
1171 2124 1305 2158 meritis
1323 2123 1475 2168 insignes
1490 2137 1498 2163 ς
1525 2129 1581 2156 at-

900 2187 968 2219 que
983 2174 1031 2208 ita
1044 2175 1209 2218 majestas
1216 2174 1281 2209 illis
1290 2175 1428 2209 accessit
1441 2189 1450 2215 ς
1463 2187 1503 2208 ex
1514 2173 1580 2208 hac

898 2226 1073 2261 sententia
1099 2225 1260 2270 preclara
1282 2226 1444 2271 allegoria
1467 2224 1578 2260 efflo-

901 2278 981 2312 ruit.
1008 2279 1208 2311 Reverentia
1227 2277 1318 2312 bene
1345 2277 1581 2319 describitur;

902 2331 934 2365 ei
951 2330 1047 2364 enim
1065 2332 1224 2373 glaciatus
1245 2333 1361 2364 vallus
1387 2330 1553 2365 convenit
1572 2355 1584 2374 ‚

901 2384 998 2429 isque
1024 2385 1172 2417 decorem
1195 2382 1384 2427 quemdam
1409 2383 1582 2418 conciliat.

902 2454 947 2461 —
968 2437 1072 2469 Toros
1086 2437 1262 2479 legitimos.
1279 2435 1429 2468 Lenzius
1444 2434 1583 2468 intelli-

903 2487 951 2532 git
972 2487 1076 2521 lectos
1091 2485 1286 2521 tricliniares
1301 2497 1366 2530 pro
1379 2497 1440 2520 sua
1457 2485 1584 2530 ruique

903 2539 1070 2584 dignitate
1089 2538 1349 2572 convenientes.
1363 2537 1490 2571 Krebs.
1503 2549 1586 2570 ver-

904 2590 946 2624 tit
962 2603 971 2624 z
986 2593 1038 2624 bis
1054 2591 1145 2624 Ehte
1168 2592 1242 2624 and
1253 2592 1309 2623 die
1327 2591 1467 2633 nn'rdae'ge
1487 2589 1587 2623 Aeh-

904 2649 988 2687 tung
991 2645 1055 2676 nit
1063 2642 1276 2687 gesaelligen
1284 2642 1407 2676 Ble'eke
1414 2643 1471 2675 die
1478 2644 1588 2675 Koer-

901 2708 964 2738 ρει·
986 2693 1057 2737 ans
1069 2695 1274 2729 sch'ckliclae
1298 2694 1390 2728 Siue
1412 2696 1586 2737 loegerteae.
