1826 3054
550 205 935 252 FASTORUM
969 206 1097 250 LIB.
1128 207 1234 250 111.

1514 207 1597 267 ³93

194 305 299 350 UNA
325 311 431 349 nota
451 311 518 361 est
536 298 698 347 Martis
718 298 862 346 Nonis
886 318 896 346 :
919 309 1085 347 sacrata
1102 297 1228 364 quod
1249 295 1339 347 illis

251 379 435 446 Templa
453 389 613 445 putant
634 375 761 425 lucos
779 376 959 442 Vejovis
975 388 1076 424 ante
1097 376 1224 425 duos.

1538 391 1605 436 430

146 504 154 510 .
189 457 409 507 Romulus
431 467 485 504 ut
506 474 611 503 saxo
629 454 778 503 lucum
801 454 1087 504 circumdedit
1106 452 1196 502 alto
1216 474 1226 502 ε

255 535 460 600 Quilibet
484 534 594 592 huc,
616 533 789 600 inquit,
816 532 1005 595 confuge
1019 570 1031 591 ‚
1053 543 1177 581 tutus
1198 533 1296 582 eris.

190 613 233 660 Ο
259 630 390 678 quam
414 609 467 658 de
486 609 609 657 tenui
630 609 860 658 Romanus
881 608 1049 671 origine
1070 607 1232 656 crevit!

251 689 403 737 Turba
423 699 548 737 vetus
569 707 701 754 quam
721 706 814 735 non
834 687 1051 735 invidiosa
1072 686 1183 734 fuit!

187 770 253 816 Ne
279 779 422 816 tamen
444 766 600 830 ignaro
623 766 796 814 novitas
820 765 908 813 tibi
930 764 1123 813 nominis
1145 763 1317 822 obstet,

1544 781 1611 825 43⁵

253 843 411 899 Disce,
435 842 536 908 quis
557 842 640 890 iste
662 841 786 890 Deus
800 879 812 899 ‚
836 859 965 889 curve
986 851 1166 888 vocetur
1184 839 1258 888 ita.

188 921 368 988 Jupiter
389 932 456 969 cst
477 920 647 986 juvenis
672 940 681 967 :
702 919 915 984 juveniles
937 919 1113 986 adspice
1136 917 1285 967 vultus
1306 937 1316 965 ε

252 996 447 1062 Adspice
468 996 625 1043 deinde
648 1014 825 1043 manum
843 1015 853 1051 ;
875 993 1059 1042 fulmina
1077 992 1199 1042 nulla
1223 1004 1355 1043 tenet.

189 1073 418 1131 fulmina,
443 1085 549 1140 post
569 1092 700 1121 ausos
721 1071 874 1121 caelum
892 1071 1098 1121 *affectare
1125 1072 1359 1135 Gigantas,

257 1152 410 1200 Sumta
430 1153 459 1199 J
463 1151 533 1200 ovi
555 1171 565 1198 ε
584 1151 730 1218 primo
752 1162 949 1218 tempore
971 1150 1150 1198 inermis
1171 1162 1274 1199 erat.

195 1273 311 1300 terum
325 1265 368 1299 ab
382 1265 453 1311 igni
470 1264 514 1299 ad
524 1264 705 1299 hominem
721 1263 867 1298 transla-

190 1318 421 1356 tum—Dux,
437 1315 564 1351 (ἷκεν.
572 1315 664 1350 Vide
676 1315 865 1350 Heinsium

193 1376 230 1403 et
241 1369 487 1403 Bon-mannum
502 1367 546 1402 ad
563 1368 599 1403 11
613 1393 623 1411 ‚
640 1367 694 1414 39.

244 1421 403 1467 ξος-448.
422 1420 558 1466 Vejoatssr
577 1422 666 1454 edes
681 1420 789 1453 Nonis
803 1420 870 1453 de—

192 1474 309 1507 dicata
324 1485 344 1506 a
363 1471 528 1506 Romulo.
540 1471 596 1506 De
608 1484 652 1506 eo
662 1478 780 1505 autem
790 1470 871 1505 Deo

192 1533 303 1568 quum
313 1523 416 1558 variae
434 1531 550 1558 essent
559 1523 744 1558 sententiae
753 1549 763 1567 ‚
779 1530 819 1557 ut
829 1535 871 1557 ex

190 1574 294 1609 Gellii
304 1574 406 1610 Noct.
417 1575 490 1611 Au.
502 1575 535 1606 V
546 1602 557 1618 ‚
575 1589 611 1609 12
622 1601 632 1618 ,
650 1582 793 1621 apparet
806 1602 815 1617 ,
831 1581 869 1609 et

190 1641 256 1663 nos
274 1627 356 1662 inde
380 1641 463 1662 mox
483 1627 698 1670 videbimus,
720 1627 870 1671 Ovidius

191 1679 274 1726 quid
285 1681 356 1726 ipse
367 1681 496 1717 sentiat
511 1681 551 1715 in
562 1680 722 1715 medium
737 1679 849 1714 affert.

234 1734 362 1769 Ham}
380 1736 496 1769 Nonis.
510 1734 683 1769 Revocavi
693 1733 783 1768 hanc
799 1733 872 1767 lec-

189 1786 324 1821 tionem
337 1787 392 1822 cui
406 1787 572 1822 Heinsius
583 1801 624 1822 ex
633 1787 776 1821 vetustis
791 1785 871 1831 qui-

191 1838 338 1873 busdam
358 1838 457 1875 MSS
472 1840 697 1875 substituerat
711 1865 721 1882 ,
739 1839 850 1873 Marti
860 1851 871 1873 .·

193 1892 311 1926 Novit.
333 1891 416 1926 Non
431 1892 528 1926 enim
553 1892 617 1927 toti
641 1892 792 1935 Martio,
809 1891 869 1926 sed

191 1942 304 1977 Nonis
313 1942 464 1986 ejusaem
475 1949 615 1977 tantum
627 1950 708 1978 nola
717 1942 871 1988 adscrip-

192 1999 227 2027 ta
244 1999 318 2027 erat
330 1993 365 2026 in
382 1992 641 2028 Kalendaribus
652 1994 773 2028 Fastis.
788 1993 873 2028 Me-

194 2045 263 2079 rito
279 2044 385 2089 igitur
396 2044 502 2079 etiam
513 2043 684 2079 Krebsius
697 2044 787 2079 hanc
801 2044 875 2078 lec-

194 2096 330 2130 tionem
348 2095 515 2141 probavit.
530 2113 576 2121 -—
586 2095 777 2142 Dionysius
787 2121 798 2138 ,
816 2095 872 2138 ΙΙ,

200 2151 252 2191 15,
271 2155 393 2183 auctor
404 2154 469 2191 est,
483 2147 679 2182 Romulum
692 2149 766 2182 loco
781 2147 876 2180 inter

195 2199 395 2245 capitolium
412 2206 448 2234 et
464 2211 580 2233 arcem
595 2198 650 2245 (v.
664 2198 705 2233 ad
720 2199 756 2234 11
768 2225 778 2242 ,
795 2199 871 2243 70),

197 2253 257 2297 qui
281 2265 344 2287 suo
375 2251 489 2294 adhuc
513 2259 671 2297 tempore
687 2251 876 2285 'dicebatur

196 2308 331 2354 μεθέμεν
354 2309 436 2339 δυεῖν
456 2308 577 2354 &inparia
595 2303 757 2347 (Livius,
776 2303 811 2344 I,
829 2302 850 2335 8
862 2327 874 2345 ,

199 2371 217 2386 α
236 2357 329 2391 inter
353 2355 440 2391 duos
471 2357 566 2390 lucos
590 2371 607 2385 ¹·
622 2357 636 2399 )
663 2362 766 2400 atque
791 2353 876 2388 olim

199 2419 329 2442 nomen
347 2420 368 2442 a
380 2420 419 2442 re
438 2407 628 2453 acceperit,
646 2407 777 2455 asylum
797 2418 877 2451 ape-

199 2459 320 2501 ruisse,
330 2460 485 2504 apposito
495 2459 637 2504 ternpl0‚
648 2459 683 2492 in
694 2457 787 2503 quod
799 2470 878 2502 sup·

200 2510 304 2556 plices
319 2517 356 2544 et
366 2522 532 2545 convente
548 2510 777 2555 confugerent
794 2508 877 2543 :sed

200 2563 255 2597 cui
283 2562 364 2596 Deo
396 2571 636 2598 consecratum
662 2563 766 2598 fuerit
793 2561 877 2596 illud

199 2614 371 2659 templum
381 2640 392 2656 ‚
407 2621 504 2649 certo
517 2628 554 2649 se
571 2615 685 2650 dicere
698 2628 770 2650 uon
786 2627 876 2660 pos-

201 2678 247 2699 se.
271 2665 405 2707 Vejon's
418 2664 529 2699 odem
542 2665 646 2701 fuisse
656 2693 666 2710 ‚
684 2679 757 2702 non
770 2665 878 2700 modo

204 2715 353 2750 Ovidius
380 2715 462 2751 dicit
477 2742 488 2761 ,
511 2717 572 2753 sed
595 2725 631 2754 et
660 2718 727 2754 alii.
747 2717 878 2753 Vitru-

364 2785 409 2828 V
412 2784 456 2828 I.

1547 1167 1614 1210 440

931 1264 1023 1307 vius,
1042 1263 1116 1306 1V,
1133 1278 1151 1310 7
1162 1290 1172 1308 ,
1189 1263 1248 1299 ubi
1267 1262 1310 1298 de
1329 1270 1502 1299 structura
1519 1271 1614 1299 tem-

931 1314 1071 1361 plorum
1084 1315 1258 1360 loquitur,
1275 1329 1294 1346 α
1314 1315 1366 1350 uti
1384 1323 1436 1351 est
1459 1315 1615 1352 Castoris

933 1382 951 1397 »ι
966 1367 1004 1402 in
1026 1366 1131 1402 Circo
1147 1367 1321 1402 Flaminio
1332 1394 1343 1410 ,
1356 1374 1393 1402 et
1408 1368 1503 1403 inter
1522 1368 1612 1405 duos

933 1433 951 1449 »ι
968 1418 1063 1454 lucos
1075 1418 1229 1464 veiovis.
1240 1433 1258 1449 »ι
1275 1418 1407 1454 Gellius
1422 1421 1523 1455 Noct.
1537 1421 1613 1457 Att.
1686 1446 1695 1455 .

932 1471 988 1514 V,
1006 1483 1044 1506 ¹2
1068 1484 1077 1506 :
1098 1485 1116 1500 «
1141 1471 1204 1505 Est
1219 1478 1338 1506 autem
1360 1470 1452 1506 aedes
1468 1470 1613 1518 Vejo'vis

933 1536 952 1552 n
969 1522 1094 1557 Romae
1104 1522 1199 1557 inter
1207 1535 1324 1566 arcem
1332 1530 1368 1558 et
1377 1524 1612 1569 capitolium.»

932 1574 1035 1610 Adde
1051 1575 1093 1610 P.
1107 1575 1288 1610 Victorem
1306 1577 1343 1610 in
1363 1577 1455 1612 VIII
1470 1577 1558 1624 Reg.

975 1627 1050 1670 432.
1068 1627 1241 1662 Revocavi
1257 1629 1397 1672 quilibet
1409 1630 1492 1669 buc,
1517 1629 1614 1674 quod

931 1680 1011 1726 satis
1023 1680 1112 1714 bene
1128 1680 1261 1715 dictum
1272 1707 1282 1723 ‚
1300 1693 1416 1726 neque
1428 1681 1471 1716 ab
1488 1682 1613 1716 Hein-

932 1732 983 1767 sio
998 1732 1146 1767 debebat
1168 1745 1242 1767 non
1256 1733 1322 1768 nisi
1339 1733 1492 1768 duorum
1512 1735 1612 1771 MSS

933 1784 1065 1819 Moreti
1082 1792 1118 1819 et
1130 1784 1155 1818 J
1158 1797 1216 1818 un.
1231 1785 1435 1820 auctoritate
1450 1785 1486 1820 in
1504 1787 1615 1822 Cuili-

932 1839 990 1870 bet
997 1849 1008 1870 .·
1017 1836 1096 1871 Hac
1111 1837 1250 1871 mutari.
1267 1836 1314 1871 Et
1323 1836 1481 1883 confugit
1494 1837 1562 1873 huc
1572 1852 1615 1874 ex

934 1890 1092 1925 finitimis
1107 1890 1242 1936 populis
1258 1884 1362 1924 {urba
1378 1891 1513 1934 omnis,
1536 1892 1613 1928 sine

934 1941 1153 1986 discrimine,
1171 1941 1258 1976 liber
1270 1954 1315 1976 an
1327 1955 1448 1977 servus
1462 1951 1615 1979 esset.—

940 1993 1082 2032 Tenue's,
1103 1992 1263 2034 humilia
1282 1993 1357 2027 Liv.
1379 1993 1438 2036 II,
1458 2004 1471 2025 ¹
1484 2021 1494 2038 ,
1513 2008 1532 2024 α
1555 1994 1614 2029 illa

936 2058 955 2074 »
971 2038 1148 2090 §asturum
1166 2056 1475 2090 convenarumque
1493 2046 1588 2092 plebs
1601 2073 1612 2090 ,

937 2108 956 2124 n
972 2095 1150 2141 transfuga
1164 2108 1207 2130 ex
1220 2096 1291 2131 suis
1306 2097 1452 2142 populis.
1470 2100 1615 2132 --No-

936 2149 1024 2180 ritas
1038 2150 1182 2181 nominis·
1191 2174 1201 2187 ,
1217 2148 1422 2183 inusitatum
1438 2157 1475 2184 et
1489 2150 1616 2186 obscu-

938 2211 1020 2232 rum
1037 2211 1238 2234 nomen.—
1250 2200 1385 2241 obstet,
1405 2201 1570 2238 offendat.

981 2252 1056 2297 437.
1073 2252 1294 2287 Sententiam
1308 2252 1390 2288 dicit
1401 2254 1435 2289 in
1454 2253 1525 2289 fine
1548 2255 1615 2290 loci

938 2315 1023 2337 vers.
1037 2304 1101 2349 447
1111 2329 1122 2346 ,
1138 2305 1320 2348 premissis
1335 2306 1560 2351 argumentis.
1569 2325 1616 2334 —

938 2354 1073 2397 Jupiter
1076 2354 1260 2397 juoenilezr:
1276 2362 1388 2390 statua
1402 2357 1546 2402 Vejovis
1558 2358 1618 2403 ju-
1643 2368 1645 2371 ’

940 2417 1068 2439 venem
1080 2404 1442 2442 refert.-Post·ansos
1456 2415 1522 2444 etc.
1534 2409 1617 2444 Im-

940 2470 1001 2491 mo
1011 2458 1127 2503 prius,
1145 2458 1182 2492 in
1204 2458 1297 2493 bello
1314 2471 1396 2494 rum
1411 2460 1614 2506 Titanibus,

942 2507 1113 2556 Cyclopes
1136 2509 1218 2543 Jovi
1240 2508 1387 2546 fulmina
1408 2513 1615 2558 suppedita-

940 2568 1026 2595 runt
1039 2588 1049 2605 ,
1067 2561 1191 2606 quibus
1207 2562 1282 2597 telis
1306 2569 1342 2598 et
1357 2571 1475 2609 postea
1492 2572 1617 2600 contra

945 2615 1114 2658 Gigantas
1147 2620 1183 2648 et
1210 2613 1407 2662 Typhaeum
1438 2629 1518 2651 usus
1555 2623 1618 2652 est.

942 2665 1177 2711 Apollodorus
1187 2693 1198 2711 ‚
1213 2668 1251 2711 1,
1268 2677 1299 2701 ιι
1310 2694 1321 2712 ,
1342 2681 1368 2703 ι.
1381 2669 1452 2704 Sed
1466 2683 1507 2705 ex
1518 2670 1619 2704 'rita-

943 2717 1128 2752 nomaehia
1144 2718 1253 2754 multa
1263 2727 1345 2755 sunt
1357 2733 1376 2755 a
1385 2721 1497 2766 poetis
1507 2727 1620 2756 trans—

1376 2791 1424 2831 13
