1826 3054
227 226 313 287 1370
436 245 440 250 ι
746 226 1128 272 Excunsns

289 323 333 380 1,
358 319 452 388 637
479 341 564 389 sqq
581 358 593 379 ‚
617 321 671 370 de
695 322 955 372 Concordiae
977 322 1068 373 aede
1094 322 1282 371 Ovidius
1305 323 1423 372 cauit
1445 345 1454 372 ε

405 432 521 470 Causa
540 447 662 471 recens
680 435 806 471 melior
821 448 828 471 :
844 449 957 482 passos
973 436 1165 473 Germania
1180 437 1295 474 crines

469 495 622 542 Pon-igit
637 495 813 541 auspiciis,
833 495 902 531 dux
919 497 1120 532 venerande
1131 522 1141 540 ,
1158 498 1235 533 tuis.

293 590 359 639 De
382 608 500 638 anno
527 589 744 658 disputari
767 608 1033 657 magnopere
1058 602 1248 658 poterat.
1273 591 1515 643 Suetonius
1539 594 1656 642 enim

224 673 264 720 Τ
266 672 374 721 iber.
398 691 493 740 cap.
522 689 607 730 20,
634 672 740 721 aedis
765 672 1086 723 dedicationem
1115 674 1270 741 posuit
1291 685 1389 741 post
1410 676 1656 743 ln'umphum

223 754 394 804 Tiberii
417 755 472 803 de
495 755 737 803 Pannoniis
760 767 803 804 et
828 755 1071 815 Dalmatis,
1106 774 1236 824 quem
1270 769 1442 821 gestum
1468 778 1560 807 esse
1584 778 1653 806 an.

229 836 322 903 765
354 837 481 903 (aerae
499 838 818 904 Varronianae)
845 839 1107 906 Get-manico
1133 851 1177 889 et
1190 840 1376 889 Fonteio
1397 840 1501 889 Cos.
1513 842 1656 890 Verrii

224 918 346 968 Fasti
369 919 425 968 ad
448 919 490 968 d.
525 919 582 967 16
604 921 704 969 Jan.
742 920 764 986 (
789 921 904 970 conf.
931 922 1070 985 Fogg.
1095 940 1196 989 pag.
1231 923 1288 983 14
1311 922 1333 988 )
1365 922 1539 972 docent.
1565 923 1658 971 De-

227 1013 372 1051 cretus
393 1002 481 1067 jam
513 1001 657 1051 fuerat
682 1002 916 1052 Dolabella
940 1015 984 1051 et
1008 1003 1086 1052 Sil.
1118 1005 1222 1053 Cos.
1258 1005 1280 1070 (
1303 1005 1406 1053 Dio.
1432 1006 1527 1062 LV,
1561 1023 1612 1072 17
1638 1006 1660 1070 )

227 1083 328 1142 sed,
349 1084 409 1133 ob
432 1084 655 1134 civitatem
680 1084 802 1134 clade
824 1086 1015 1134 Variana
1040 1097 1262 1145 moestam,
1289 1086 1466 1135 dilatus.
1494 1086 1663 1136 Secun-

227 1167 332 1215 dum
356 1167 620 1216 Suetonium
645 1166 751 1217 aedis
775 1167 995 1218 dedicatio
1019 1181 1125 1237 post
1155 1188 1320 1218 annum
1345 1168 1439 1236 765
1461 1170 1659 1226 caderet,

230 1249 352 1316 quod
383 1250 473 1316 jam
503 1250 712 1299 refutavit
733 1251 928 1300 Masson.
955 1251 1001 1299 in
1025 1252 1114 1300 vita
1139 1251 1317 1310 Ovidii,
1343 1270 1443 1318 pag.
1477 1268 1567 1300 100
1593 1252 1659 1300 ed.

228 1334 381 1382 Burm.
419 1345 526 1382 tom.
564 1335 643 1382 IV.
675 1335 860 1385 Verrius
886 1354 1006 1384 nunc
1052 1336 1206 1394 docet,
1239 1336 1391 1385 eodem
1420 1355 1538 1385 anno
1573 1355 1664 1403 quo

229 1434 314 1482 pax
338 1415 384 1464 in
405 1415 636 1465 Pannonia
657 1427 702 1465 et
719 1416 939 1466 Dalmatia
961 1417 1210 1485 composita
1231 1429 1323 1474 est,
1351 1417 1517 1467 scilicet
1541 1418 1633 1484 762
1649 1456 1662 1475 ‚

231 1498 283 1547 C.
308 1496 473 1547 Dolab.
507 1511 552 1548 et
582 1498 661 1548 Sil.
690 1499 795 1548 Cos.
828 1498 964 1549 aedem
997 1499 1241 1549 dedicatam
1274 1519 1398 1556 esse;
1431 1519 1664 1567 perperam

231 1581 380 1648 itaque
395 1581 658 1631 Suetonium
678 1592 785 1649 post
804 1581 1080 1649 triumphum
1094 1581 1275 1631 habitum
1294 1582 1520 1650 posuisse,
1544 1583 1663 1650 quod

231 1663 379 1711 statim
404 1675 509 1731 post
530 1662 699 1713 bellum
724 1663 1023 1731 compositum
1045 1663 1207 1713 factum
1231 1675 1336 1713 erat.

297 1746 369 1795 Ad
391 1746 516 1795 Fast.
542 1746 661 1802 III,
691 1747 787 1813 419
812 1740 834 1811 (
858 1745 900 1794 d.
929 1745 973 1794 6.
1000 1746 1177 1811 Mart.)
1207 1745 1262 1794 de
1292 1745 1476 1797 Caesaris
1507 1746 1664 1794 Ponti·

232 1828 363 1876 licatn
395 1847 540 1877 annus
572 1847 693 1877 nunc
724 1840 901 1886 certus,
939 1847 1030 1896 quo
1062 1827 1309 1877 Octaviano
1348 1827 1536 1882 traditus
1570 1839 1664 1885 est,

233 1910 397 1978 prodit.
425 1910 561 1975 Quod
586 1910 702 1959 enim
723 1921 850 1959 antea
870 1910 915 1958 in
940 1928 1059 1958 anno
1081 1909 1175 1976 740
1189 1948 1200 1967 ‚
1220 1929 1311 1976 quo
1332 1908 1531 1976 Lepidus
1549 1928 1668 1958 mor-

237 2005 339 2042 tuus
372 2004 465 2050 est,
496 1991 725 2061 ponebant
745 2029 758 2050 ‚
789 2010 908 2041 anno
942 2003 1152 2059 sequente
1177 1991 1355 2041 demum
1384 1991 1549 2041 sactum
1573 2010 1672 2040 esse

235 2077 432 2126 ostendit
452 2076 545 2125 haec
569 2087 675 2125 nota
694 2095 704 2123 ε

300 2159 416 2227 Imp.
445 2158 554 2209 Coes.
581 2160 802 2226 Augustus
824 2158 981 2224 Ponlffi
1006 2158 1223 2208 maximus
1254 2158 1397 2207 sactus
1423 2169 1521 2216 est,
1553 2158 1668 2222 Qui-

234 2241 351 2291 rinio
374 2253 420 2291 et
440 2241 600 2306 Valgio
626 2243 728 2292 Cos.

301 2324 425 2374 Fasl.
451 2324 700 2393 III,‘V812
720 2336 765 2373 et
783 2323 879 2374 838
902 2322 978 2388 (d.
1011 2341 1066 2390 ¹9
1089 2324 1261 2385 Mart)
1286 2322 1451 2372 Ovidio
1475 2320 1548 2370 hic
1574 2320 1668 2369 dies

237 2408 442 2458 Miner-vce
461 2408 612 2458 natalis
635 2420 816 2458 vocatur
834 2428 845 2466 3
877 2419 922 2457 et
943 2406 1030 2456 kat,
1053 2407 1249 2456 vindob.
1276 2406 1410 2455 habet
1428 2406 1493 2455 Ν.
1514 2405 1668 2454 Miner-

238 2508 319 2546 ves,
357 2490 481 2558 quod
500 2502 646 2541 autem
664 2491 750 2540 hoc
765 2490 896 2540 etiam
914 2488 1015 2538 loco
1034 2489 1145 2538 nihil
1163 2488 1284 2538 aliud
1302 2507 1350 2538 ac
1366 2487 1495 2555 primi
1516 2486 1669 2554 templi

239 2572 558 2624 dedicationem
589 2574 817 2637 designare
852 2573 1019 2622 indicat
1041 2572 1223 2622 Verrius
1242 2609 1254 2631 ,
1286 2571 1483 2621 scribens
1509 2590 1519 2619 ε
1546 2570 1669 2637 quod

239 2655 450 2705 Minerva!
472 2656 577 2705 aedis
602 2657 644 2704 in
669 2656 879 2707 Aventino
898 2674 946 2704 eo
973 2654 1039 2704 die
1058 2665 1120 2704 es!
1140 2664 1393 2704 consecrata
1412 2691 1424 2709 ‚
1458 2653 1529 2701 cui
1558 2671 1670 2701 con-

240 2737 375 2787 sentit
393 2738 509 2788 Fest.
522 2737 688 2789 Scribas
706 2750 750 2789 et
774 2738 1068 2806 Quinquatrus.
1088 2739 1202 2787 Nam
1218 2747 1263 2786 et
1277 2734 1379 2786 alibi
1403 2734 1668 2803 templorum
1757 2733 1762 2748 “
