1826 3054
511 228 581 272 1N
614 226 859 271 ov1n11
892 224 1192 270 FAsTos.
1480 228 1568 289 477

148 323 310 373 talibus
333 322 600 371 lavationum
625 320 792 369 nullam
813 318 1082 367 mentionem
1106 336 1292 384 usquam
1316 318 1426 382 legi;
1462 320 1571 369 rese-

146 406 281 455 renda
306 417 450 453 autem
471 403 564 450 haec
586 414 693 450 nota
715 400 835 450 haud
856 400 992 449 dubie
1024 399 1080 448 ad
1116 399 1157 447 d.
1200 418 1218 447 1
1257 400 1426 467 Aprilis
1443 440 1455 460 ‚
1491 403 1571 451 ubi

147 489 375 537 humilebres
395 486 704 550 etiamseminas
731 486 776 532 in
805 483 973 533 balneis
1009 483 1142 533 lavari
1168 503 1318 532 omnes
1342 495 1567 533 annotant.

149 572 257 637 Lyd.
298 589 354 637 91
378 608 390 628 ‚
418 569 597 618 Verrius
617 568 678 616 ad
711 586 729 616 1
759 567 904 633 April.
946 566 1216 616 Sacrificium
1251 567 1439 634 denique
1476 587 1573 616 ma-

153 667 375 702 tronarum
398 653 444 700 in
466 653 681 701 honorem
704 651 833 700 Bruti
856 662 976 700 certo
999 669 1090 699 non
1115 662 1202 699 tam
1221 650 1276 699 ad
1293 651 1413 700 hunc
1435 651 1571 710 diem,

151 756 281 803 quam
293 737 349 785 ad
361 737 650 800 Regifugium
673 735 715 783 d.
737 735 800 796 24
814 735 942 783 Febr.
964 735 1182 800 pertinere
1197 772 1209 791 ‚
1226 735 1415 801 quisque
1430 734 1571 793 videt,

148 838 193 885 p.
223 836 304 866 101
325 856 336 876 ‚
360 818 441 866 ubi
465 818 614 885 Lydus
639 837 649 864 ε
675 824 805 882 πρώτη
826 819 867 864 δὲ
883 821 995 880 ἑορτὴ
1012 825 1082 864 τοῦ
1105 822 1239 864 Μαίου
1259 823 1366 882 παρὰ
1381 819 1573 882 Ρωμαίῖκς

150 907 190 947 αἱ
220 906 305 966 περὶ
338 912 505 963 σεισμῶν
539 906 703 960 ἱκεσίαις
726 899 1012 947 commutatio
1041 898 1216 946 videtur
1252 918 1351 947 cum
1385 899 1571 948 Kalend.

149 986 253 1031 Jun.
287 985 342 1032 ad
376 1003 484 1050 quas
508 982 803 1049 Tempestatis
836 982 966 1030 ferias
994 981 1128 1030 refert
1164 982 1296 1030 ovid.
1330 984 1427 1040 VI,
1470 1001 1571 1049 191.

150 1067 339 1114 Nonnisi
363 1067 414 1114 (le
434 1066 583 1132 priore
606 1066 635 1112 J
638 1065 732 1113 unii
752 1076 877 1130 parte
893 1101 905 1121 ‚
931 1063 1008 1112 sed
1031 1063 1084 1112 de
1118 1075 1213 1111 toto
1236 1064 1360 1112 Maio
1384 1065 1575 1113 Ovidius

151 1148 305 1206 edicit,
331 1148 453 1214 quod
478 1147 630 1214 Lydus
654 1146 708 1194 de
730 1158 825 1194 toto
845 1146 983 1195 Junio
1000 1183 1012 1203 ,
1037 1145 1150 1194 male
1172 1145 1237 1193 ibi
1255 1146 1434 1212 nuptias
1452 1146 1574 1214 fieri,

151 1249 196 1297 p.
228 1248 313 1296 107
331 1268 343 1288 ‚
366 1236 385 1277 ὁ
408 1233 448 1277 δὲ
465 1220 610 1282 Ῐούνιος
632 1235 705 1292 μὴν
735 1231 991 1281 ἀνεπιτήδειος
1013 1233 1110 1293 πρὸς
1129 1236 1303 1292 γάμους,
1327 1227 1577 1277 differentia

152 1332 175 1359 e
201 1313 389 1360 duorum
413 1311 628 1361 mensium
653 1312 978 1378 permutatione
998 1311 1121 1360 haud
1144 1311 1278 1360 dubie
1306 1323 1423 1359 nata.

217 1395 300 1441 111.
342 1395 396 1441 In
418 1393 570 1442 multis
594 1394 891 1460 scriptoribus
914 1394 1044 1441 etiam
1067 1412 1250 1442 nummos
1270 1412 1363 1441 non
1383 1410 1483 1441 raro
1504 1393 1578 1441 in-

154 1475 277 1537 signe
294 1476 674 1541 interpretationis
688 1487 730 1524 et
742 1475 1051 1524 illustrationis
1065 1475 1314 1524 subsidium
1328 1493 1443 1533 esse,
1458 1475 1578 1541 apud

156 1576 308 1604 omnes
333 1576 507 1623 semper
537 1558 582 1605 in
604 1557 807 1606 confesso
835 1557 933 1606 fuit.
974 1558 1192 1620 Magnum
1224 1576 1379 1605 eorum
1412 1558 1458 1605 in
1488 1558 1577 1607 hoc

152 1639 282 1687 etiam
308 1640 496 1686 carmine
519 1658 648 1687 usum
670 1638 790 1697 sore,
817 1658 955 1705 quum
977 1639 1032 1687 ad
1049 1639 1238 1705 patriam
1253 1639 1514 1702 religionem
1533 1651 1579 1688 et

152 1732 304 1768 caetera
328 1720 462 1785 hujus
486 1721 688 1768 carminis
711 1733 966 1783 argumenta
998 1720 1235 1787 saepissime
1267 1722 1438 1769 nummi
1474 1741 1578 1789 spe-

154 1814 270 1850 ctare
289 1802 461 1850 soleant
478 1839 489 1860 ‚
514 1814 558 1850 et
580 1802 703 1850 facile
728 1803 972 1851 existimavi
994 1815 1038 1851 et
1057 1815 1264 1870 expertus
1279 1822 1403 1861 sum,
1427 1803 1484 1851 ad
1506 1805 1579 1870 ip-

153 1885 245 1932 sius
271 1895 415 1932 textus
433 1884 795 1933 constitutionem
814 1884 1005 1951 aliquam
1024 1904 1177 1933 eorum
1198 1885 1285 1933 vim
1304 1903 1398 1933 esse
1417 1885 1576 1933 merito

155 1985 418 2032 magnopere
441 1966 649 2028 gaudens.
672 1967 935 2032 Speciminis
954 1986 1082 2016 causa
1101 1985 1152 2014 ex
1168 1967 1255 2015 boc
1274 1967 1404 2015 etiam
1422 1986 1579 2031 genere

156 2047 251 2096 loca
274 2048 467 2114 quaedam
491 2067 746 2114 percensere
770 2047 912 2096 liceat.
1320 2051 1325 2057 '

219 2131 274 2179 F
268 2141 346 2178 ast.
377 2130 482 2187 VI,
511 2130 618 2178 803.
643 2131 866 2196 (NIarcia,
892 2132 1072 2197 sacrfico
1095 2131 1310 2180 deductum
1345 2151 1485 2180 nomen
1524 2133 1578 2181 ab

157 2213 332 2276 Anco)
353 2212 510 2260 Marcii
535 2212 733 2279 Philippi
760 2213 930 2275 generis
953 2212 1231 2261 nobilitatem
1254 2214 1310 2262 ab
1330 2215 1458 2262 Anco
1478 2233 1581 2276 rege

156 2306 362 2361 repetunt
379 2332 390 2351 ‚
427 2314 557 2360 quam
581 2294 816 2343 vanitatem
841 2307 992 2358 gentes
1016 2296 1061 2342 in
1083 2295 1274 2344 nummis
1297 2296 1482 2344 maxime
1506 2316 1580 2344 ex-

155 2378 340 2444 primere
362 2377 566 2426 solebant
585 2377 775 2443 (Ekhel.
804 2391 907 2426 tom.
924 2381 979 2435 V,
996 2398 1039 2445 p.
1057 2379 1166 2445 89).
1188 2381 1249 2427 Ut
1268 2380 1405 2441 igitur
1435 2380 1581 2428 Caesar

154 2460 296 2523 (Suet.
312 2461 338 2507 J
343 2459 402 2507 ul.
426 2459 476 2524 6)
494 2460 608 2507 idem
623 2459 674 2508 de
689 2460 869 2508 Marciis
881 2460 1061 2522 regibus
1074 2461 1281 2527 praedicat
1293 2498 1306 2518 ‚
1328 2462 1390 2509 ita
1407 2461 1577 2510 nummi

156 2541 298 2603 gentis
324 2542 502 2589 Marciae
523 2543 693 2591 Ancum
714 2561 858 2604 regem
882 2562 981 2590 cum
997 2544 1144 2609 Numa
1166 2563 1246 2591 avo
1266 2555 1487 2609 tamquam
1509 2562 1579 2592 ca-

155 2623 248 2688 pita
270 2623 422 2687 jugata
441 2624 602 2672 referre
627 2623 772 2674 solent
794 2623 987 2688 (Ekhel.
1003 2624 1201 2688 doctrin.
1231 2644 1448 2675 nummor.
1475 2637 1505 2674 t.
1526 2628 1578 2686 V,

161 2724 260 2770 pag·
287 2703 381 2765 246
399 2705 431 2768 >-
