1826 3054
514 243 586 287 IN
627 241 877 285 OVIDII
916 238 1202 284 FASTOS.
1478 238 1563 281 513

152 337 282 384 Rom.
302 354 400 402 pag.
422 333 516 400 319
530 371 542 390 ‚
561 334 648 399 A.)
668 353 677 380 :
705 337 857 395 Τύχην,
875 339 921 384 ἣν
939 340 1117 398 φορτικὴν
1135 336 1336 390 καλοῦσιν,
1356 340 1448 395 ὅπερ
1466 337 1566 380 ἐστίν

154 417 336 476 ἰσχυρὰν,
352 416 632 475 ἀριστευτικὴν,
648 415 673 461 ἢ
694 412 867 474 ἀνόζοειάν
877 448 891 467 ,
908 415 962 463 ὡς
974 413 1018 457 τὸ
1035 414 1219 464 νικητικὸν
1232 413 1413 457 ἁπάντων
1428 416 1567 472 κράτος

152 498 332 551 ἔχουσαν.
360 491 562 538 Formam
570 488 720 554 sorclt's
744 487 790 535 in
813 506 958 550 graecae
978 486 1101 536 vocis
1124 485 1452 535 similitudinem
1469 505 1567 533 mu-

156 579 336 622 taverat,
354 578 406 614 ut
427 565 500 613 ille
513 565 673 628 linguae
691 565 835 613 latinae
848 563 1067 612 interdum
1090 581 1251 626 gnarus
1272 574 1368 619 est;
1391 579 1567 610 sensum

157 656 298 693 tamen
324 643 554 709 exprimit,
586 662 634 691 ac
657 643 694 691 si
724 648 877 708 φορτικὴ
903 642 931 688 i.
960 662 1001 708 q.
1029 641 1157 690 sortis
1181 651 1307 689 esset.
1340 667 1395 691 ,—
1418 639 1570 687 Habe-

154 742 299 771 remus
318 722 455 785 igitur
468 721 552 770 hoc
567 720 824 784 cognomine
846 720 1112 781 designatam
1128 720 1367 766 fortunam
1384 717 1546 767 bonam
1557 754 1568 769 ,

153 801 338 849 faustam
357 838 369 856 ,
404 799 571 847 felicem
588 837 600 856 ‚
629 818 765 865 quum
795 810 839 846 et
865 796 1022 845 malam
1045 798 1283 844 Fortunam
1313 813 1337 842 a
1361 795 1573 842 Romanis

154 877 316 926 cultam
339 878 525 926 sciamus
539 915 550 933 ‚
575 888 619 924 et
640 894 867 942 perperam
891 875 1028 937 igitur
1051 873 1231 940 quidam
1262 874 1439 920 Fortem
1463 872 1574 919 For-

155 966 305 1002 tunam
320 972 455 1001 casum
476 970 623 1000 coecum
637 970 728 1000 esse
744 951 903 999 dixere.
926 950 1046 998 Idem
1059 960 1130 997 est
1139 959 1347 996 constans
1365 946 1572 1014 loquendi

156 1050 262 1079 usus
287 1031 331 1078 in
362 1053 384 1073 α
411 1030 525 1078 sorte
554 1029 731 1077 fortuna
758 1051 782 1071 »
810 1027 934 1094 quod
959 1027 1012 1074 de
1032 1045 1080 1074 re
1104 1025 1250 1091 aliqua
1273 1025 1452 1082 dicitur,
1480 1044 1573 1091 quae

157 1127 258 1157 casu
284 1108 459 1174 quidem
475 1146 487 1164 ‚
512 1106 588 1155 sed
610 1106 793 1154 feliciter
811 1105 945 1153 nobis
967 1104 1155 1168 obtigit;
1179 1106 1279 1152 Ter.
1307 1105 1421 1151 Eun.
1445 1105 1490 1159 Ι,
1513 1115 1574 1157 ΙΙ,

158 1185 245 1246 54;
275 1188 435 1252 Hecyr.
463 1186 556 1241 III,
600 1196 685 1241 111,
720 1183 806 1241 26;
830 1195 872 1231 et
896 1183 932 1231 si
959 1195 1112 1249 postea
1150 1182 1293 1249 primo
1331 1201 1433 1244 casu
1465 1183 1574 1230 Fors

156 1266 352 1312 Fortuna
378 1263 569 1312 occurrit
589 1263 927 1327 (Phormio‚V‚
944 1274 1016 1318 vl,
1045 1261 1111 1325 1),
1134 1273 1183 1308 ut
1203 1261 1288 1327 ipsi
1308 1261 1574 1323 grammatici

161 1343 402 1400 adnotant,
428 1343 594 1408 ubique
617 1341 797 1398 eodem,
822 1360 912 1406 quo
935 1340 1050 1396 dixi,
1075 1357 1204 1388 sensu
1229 1339 1291 1387 fit.
1330 1340 1494 1387 Donat.
1521 1340 1574 1386 ad

159 1419 187 1466 l.
213 1438 248 1466 c.
274 1419 468 1466 Fortuna
487 1417 596 1464 dicta
615 1427 676 1467 est
694 1417 846 1464 incerta
868 1434 950 1470 res,
977 1416 1091 1463 Fors
1105 1415 1285 1479 sor-tuna
1312 1416 1575 1479 eventussor-

156 1508 268 1545 tunoe
287 1498 426 1545 bonus.
448 1498 651 1544 Fortasse
666 1496 836 1562 primus
858 1512 984 1541 casus
1001 1494 1115 1541 Fors
1130 1532 1140 1547 ,
1164 1493 1249 1540 hoc
1267 1511 1380 1540 nexu
1400 1493 1573 1541 demum

157 1595 179 1622 a
203 1594 304 1623 casu
327 1574 758 1639 sextofhrtefhrtuna,
789 1573 866 1638 qui
890 1571 1068 1637 proprie
1092 1583 1181 1619 erat
1200 1591 1225 1619 a
1231 1571 1360 1636 fhrlis
1364 1572 1543 1635 jin-tuna
1557 1612 1566 1624 ‚

157 1652 373 1719 petendus
395 1663 472 1699 est.

221 1739 285 1778 2⁰.
307 1732 393 1787 Vl,
420 1728 525 1795 793.
550 1730 745 1794 Tempus
771 1728 882 1776 idem
906 1729 1055 1777 stator
1075 1727 1179 1776 aedis
1199 1727 1355 1782 habet,
1383 1740 1465 1775 etc.
1494 1728 1573 1775 Li-

157 1809 347 1864 bran-ios,
372 1808 449 1873 qui
476 1807 530 1854 T.
556 1807 583 1853 ι’.
611 1806 772 1854 statoris·
794 1816 884 1853 emt
918 1817 1224 1871 reposuerant,
1253 1805 1339 1869 jam
1371 1805 1482 1852 bene
1504 1823 1573 1852 re-

156 1886 313 1933 futavit
337 1885 570 1939 Heinsius,
594 1885 706 1931 banc
732 1882 960 1931 lectionem
982 1902 1032 1931 ex
1051 1894 1143 1949 opt.
1167 1882 1291 1930 codd.
1307 1882 1570 1948 adprobans.

158 1963 291 2010 Haud
315 1962 406 2010 scio
430 1980 482 2008 an
508 1962 614 2008 satis
632 1961 718 2024 jam
741 1979 764 2007 a
789 1959 1078 2022 grammaticis
1109 1970 1363 2007 annotatum
1392 1959 1452 2006 sit
1480 1978 1575 2006 mo-

158 2052 354 2089 mentum
375 2038 484 2086 illud
500 2075 511 2094 ‚
538 2037 657 2104 quod
682 2037 795 2084 bene
811 2038 865 2084 ad
882 2038 994 2084 hanc
1017 2036 1245 2085 lectionem
1270 2034 1571 2084 stabiliendam

158 2118 285 2175 facit,
309 2116 496 2184 plurima
511 2155 523 2173 ‚
548 2114 640 2163 scil.
666 2114 796 2162 verba
821 2113 954 2161 latina
975 2125 1019 2161 et
1042 2112 1204 2176 graemi,
1229 2113 1366 2161 vocali
1383 2113 1504 2161 brevi
1527 2113 1572 2161 in

161 2194 337 2258 longam
365 2194 602 2261 producta,
627 2191 985 2255 significationem
1017 2209 1137 2239 suam
1163 2190 1344 2238 activam
1367 2191 1412 2238 in
1435 2191 1574 2256 passi-

160 2291 255 2320 vam
278 2285 323 2320 et
342 2272 528 2320 mediam
549 2282 717 2319 mutare
737 2269 887 2318 solere.
914 2267 1124 2335 Exempla
1145 2268 1190 2315 in
1210 2279 1421 2333 promptu
1437 2279 1542 2314 sunt
1561 2286 1571 2313 :

159 2351 259 2398 Act.
281 2361 348 2397 est
361 2353 482 2397 stare
496 2387 508 2406 ‚
528 2366 626 2395 cum
645 2346 900 2413 reduplicat.
915 2347 1069 2394 sistere
1087 2345 1267 2409 (stellen)
1283 2344 1398 2393 unde
1411 2349 1571 2400 stator,

161 2427 237 2492 qui
267 2426 411 2483 sistit;
443 2429 632 2481 statum,
657 2425 685 2471 i.
712 2444 748 2472 e.
782 2423 1100 2479 constitutum3
1131 2423 1312 2480 statim,
1343 2422 1371 2468 i.
1408 2440 1443 2469 e.
1470 2441 1571 2469 mox

160 2508 183 2569 (
191 2505 277 2552 vid.
301 2506 462 2553 Donat.
488 2504 543 2551 ad
565 2505 665 2551 Ter.
689 2503 868 2551 Phorm.
895 2503 955 2557 V,
977 2513 1036 2549 111
1052 2539 1063 2558 ,
1090 2518 1114 2566 7
1133 2538 1146 2558 ‚
1171 2500 1291 2566 quod
1307 2519 1404 2548 vere
1417 2500 1571 2548 obser-

161 2596 329 2640 vatum,
353 2585 435 2632 etsi
455 2582 673 2630 interdum
697 2580 941 2644 neglectum
968 2580 1088 2644 est);
1109 2578 1228 2627 Med.
1253 2583 1367 2627 stare
1386 2617 1399 2636 ‚
1423 2597 1469 2627 se
1490 2578 1571 2626 sis-

163 2675 251 2711 tere
274 2661 492 2727 (slehen);
517 2665 708 2710 staturus
724 2699 736 2718 ‚
762 2660 919 2715 statim,
946 2659 974 2706 i.
1002 2677 1037 2706 e.
1055 2658 1268 2723 firmiter:
1291 2656 1377 2705 vid.
1404 2658 1569 2705 Donat.

164 2739 191 2787 l.
218 2759 254 2788 c.
270 2778 282 2798 ‚
306 2751 349 2786 et
369 2740 546 2806 proprie
569 2724 726 2795 stator,
751 2737 787 2785 si
811 2748 877 2785 est
898 2736 927 2783 i.
957 2756 999 2802 q.
1026 2748 1165 2793 stans,
1191 2735 1268 2802 qui
1284 2734 1451 2793 adstat,
1474 2754 1512 2780 v.
1531 2754 1567 2779 c.

293 2821 382 2865 VI.
1338 2817 1393 2860 33
