1826 3054
587 206 660 251 IN
692 205 945 250 0V1D11
978 202 1283 247 FASTOS.
1559 202 1646 258 455

224 302 390 352 ordinis
422 301 724 365 indignatione
759 311 804 349 et
840 298 1003 347 invidia
1032 318 1058 347 a
1084 297 1264 356 Flavio,
1298 297 1437 365 Appii
1475 296 1651 347 Claudii

223 386 367 434 scriba
385 424 398 444 ‚
428 383 604 433 homine
630 382 789 431 callido
816 393 858 431 et
880 380 1038 448 populi
1067 380 1259 429 favorem
1284 391 1488 446 captante
1507 419 1519 438 ‚
1550 399 1651 429 cum

223 468 378 517 iisdem
409 465 731 516 commentariis
767 464 1030 533 pontificum
1056 465 1247 530 primum
1275 463 1505 530 prodirent
1527 468 1555 510 ¹.
1582 465 1653 511 Ex

223 569 276 599 eo
298 550 402 599 inde
424 561 621 616 tempore
640 549 769 607 fasti,
795 549 857 598 ita
878 547 1141 614 comparati,
1165 558 1218 594 ut
1240 545 1332 595 dies
1345 545 1446 595 fasti
1468 546 1651 594 nefasti-

224 650 309 700 que
332 644 412 680 etc.
437 631 545 680 Idus
567 643 611 680 et
632 633 773 681 Nouae
786 669 799 689 ‚
821 630 1040 698 praecipue
1046 628 1175 695 scrioe
1193 646 1332 676 omnes
1352 638 1472 676 statae
1489 637 1531 676 et
1552 637 1651 675 tem-

212 715 380 780 plorum
423 713 696 762 dedicatorum
728 712 1000 762 anniversaria
1014 751 1025 767 ,
1064 710 1252 759 subinde
1276 730 1347 759 res
1377 709 1575 777 quaedam
1606 710 1654 758 in

219 794 445 862 republica
467 795 640 859 egregie
664 806 795 858 gestae
816 794 884 843 ibi
907 805 1225 842 annotarentur
1239 829 1252 851 ‚
1284 812 1378 840 non
1402 791 1546 841 solum
1567 812 1654 859 pu-

220 877 334 926 blice
358 878 405 926 in
426 877 525 927 soro
546 889 592 927 et
610 876 709 926 aliis
731 876 840 925 locis
859 876 1038 943 expositi
1050 885 1186 932 erant,
1216 875 1293 924 sed
1311 886 1356 923 et
1375 875 1583 942 privatim
1604 874 1652 924 in

220 959 468 1025 porticibus
483 996 495 1017 ‚
519 959 642 1008 atriis
656 997 669 1017 ‚
691 958 962 1026 'plerumque
984 957 1123 1025 lapidi
1142 997 1154 1018 ‚
1186 957 1408 1007 interdum
1434 958 1509 1006 aeri
1530 956 1655 1006 incisi

219 1041 514 1090 habebantur.

285 1125 373 1172 Per
405 1124 560 1172 urbem
592 1123 910 1191 dispositorum
950 1122 1148 1189 exempla
1188 1122 1405 1171 habemus
1446 1121 1492 1169 in
1530 1121 1654 1170 fastis

220 1205 364 1254 Fulvii
382 1205 630 1256 Nobilioris
643 1206 692 1254 in
711 1205 877 1273 templo
889 1204 1095 1254 Herculis
1108 1204 1349 1272 publicatis
1361 1204 1590 1271 (Macrob.
1607 1205 1651 1262 I,

229 1288 348 1352 12),
374 1289 452 1355 qui
476 1288 589 1336 infra
609 1288 696 1337 alio
717 1289 896 1337 nomine
917 1287 1128 1336 laudandi
1147 1300 1254 1336 sunt
1271 1300 1317 1337 et
1334 1287 1379 1336 in
1395 1287 1653 1349 fragmentis

220 1370 431 1418 fastorum
460 1389 541 1436 per
566 1370 723 1418 urbem
747 1370 938 1418 inventis
960 1369 1009 1417 in
1030 1388 1187 1436 campo
1207 1369 1375 1427 Florae,
1406 1368 1453 1417 in
1481 1369 1656 1434 Exqui-

218 1450 291 1499 liis
316 1463 396 1500 etc.
430 1455 452 1514 (
473 1451 572 1499 vide
592 1451 760 1512 infra).
799 1451 1017 1500 Eumdem
1040 1463 1185 1500 autem
1214 1450 1464 1500 tabularum
1487 1469 1658 1517 propo-

218 1533 462 1582 nendarnm
488 1552 656 1582 morem
686 1533 732 1581 in
758 1532 1013 1599 municipiis
1041 1534 1172 1582 etiam
1203 1532 1390 1600 aliisque
1413 1532 1550 1582 Italiae
1575 1552 1655 1599 op·

218 1615 339 1683 pidis
361 1615 631 1673 obtinuisse,
665 1626 769 1682 post
793 1613 1007 1663 Ovidium
1035 1615 1195 1680 (Fast.
1222 1616 1313 1673 VI,
1347 1614 1451 1681 59)
1483 1615 1564 1663 ubi
1599 1614 1655 1663 ad

218 1698 359 1747 fastos
370 1698 580 1746 Aricinos
591 1735 603 1755 ‚
619 1696 921 1746 Laurentinos
929 1733 941 1754 ‚
951 1685 954 1689 ⁴
966 1695 1263 1746 Praenestinos
1274 1709 1487 1764 provocat
1495 1735 1507 1755 ,
1520 1696 1656 1746 fasto-

219 1800 319 1830 rum
336 1781 579 1846 fiagmenta
590 1793 712 1830 extra
724 1780 883 1829 urbem
896 1794 941 1831 et
957 1781 1005 1829 in
1021 1780 1212 1830 aliorum
1227 1780 1497 1848 oppidorum
1513 1780 1655 1830 ruinis

221 1891 407 1934 adjutos,
423 1904 491 1926 aon
499 1894 551 1926 ad
554 1896 807 1927 commentarios
813 1906 905 1937 pon-

221 1945 346 1988 tificum
361 1944 591 1985 adunemur,
622 1957 669 1978 ne
692 1957 733 1979 ea
758 1945 905 1990 quidem

222 1996 348 2030 scimus
357 2021 367 2038 ,
386 2007 464 2040 quae
475 2008 599 2030 omnes
610 1997 786 2042 peregrini
798 1997 905 2031 etiam

222 2048 361 2091 sciunt,
400 2047 559 2083 consules
582 2048 618 2082 in
642 2047 759 2082 locum
780 2060 906 2093 regum

222 2099 419 2135 successisse
432 2100 449 2134 ?
472 2113 539 2135 nec
554 2107 615 2134 aut
632 2100 719 2145 juris
739 2107 800 2135 aut
820 2113 906 2136 ma-

222 2151 357 2195 jestatis
365 2151 552 2197 quicquam
563 2151 691 2186 habere
700 2179 711 2193 ,
724 2151 818 2197 quod
833 2164 905 2187 non

221 2205 260 2238 in
269 2204 409 2250 regibus
425 2211 504 2239 ante
522 2203 655 2239 fuerit?
670 2219 689 2235 »ι
701 2223 745 2231 —-
757 2205 851 2250 Qua
861 2205 905 2240 dc

223 2257 301 2301 jure
325 2256 510 2291 consulum
527 2256 576 2291 ibi
594 2256 706 2292 celato
722 2258 907 2303 queritur,

223 2310 365 2344 nonnisi
391 2309 434 2344 ad
456 2310 739 2344 commentarios
753 2310 906 2355 pontifi-

223 2374 304 2396 cum
319 2362 499 2407 pertinent
510 2387 520 2404 ,
542 2361 578 2395 in
596 2362 721 2407 quibus
738 2362 792 2405 jus
807 2363 907 2398 civile

224 2414 470 2448 continebatur
486 2439 495 2452 ‚
524 2412 632 2448 fastos
659 2420 777 2448 autem
802 2414 907 2449 simul

225 2466 407 2509 nominat,
429 2477 540 2510 quum
555 2465 597 2500 ad
612 2465 707 2500 idem
723 2466 779 2511 jus
793 2467 908 2512 perti-

224 2524 365 2552 nerent.

271 2572 283 2590 ¹
308 2569 457 2605 Factum
473 2577 549 2606 erat
562 2583 657 2607 anno
671 2584 705 2605 u.
719 2584 747 2606 c.
759 2573 836 2616 440.
848 2571 910 2606 Li-

228 2622 323 2664 vius,
342 2621 414 2665 IX,
434 2622 476 2666 46
494 2636 505 2659 2
528 2625 634 2659 Civile
650 2623 712 2666 jus
733 2625 909 2667 repositum

230 2679 264 2709 ia
273 2676 502 2717 penetralibus
511 2678 707 2721 ponttficum
721 2678 889 2720 evulgavit
897 2702 908 2716 ,

223 2724 403 2772 fastosque
423 2730 515 2763 circa
526 2728 642 2773 sorum
667 2732 704 2764 in
725 2731 804 2764 albo
820 2741 911 2772 pm-

963 1895 1104 1937 posud,
1132 1898 1172 1926 ul
1191 1893 1326 1937 quando
1350 1893 1422 1936 Iege
1436 1894 1500 1937 agi
1512 1898 1650 1935 posset,

968 1948 1117 1980 sciretur.
1129 1943 1238 1979 Cous.
1251 1942 1329 1977 val.
1340 1943 1435 1978 Max.
1448 1944 1484 1979 11
1497 1970 1507 1986 ,
1523 1954 1560 1986 v,
1573 1942 1603 1988 S.
1617 1956 1654 1978 2:

970 1998 1095 2031 Fastos
1100 2009 1200 2040 ρει-ηε
1209 2000 1278 2030 loto
1282 1995 1365 2039 soro
1372 1998 1529 2040 exposui!
1538 2008 1547 2029 :
1560 1994 1655 2029 unde

970 2047 1117 2082 fortasse
1132 2060 1192 2083 eos
1208 2047 1397 2083 duodecim
1413 2047 1539 2082 tabulis
1550 2074 1560 2091 ,
1575 2060 1655 2092 qua-

971 2113 1053 2135 rum
1067 2100 1212 2146 singule
1227 2101 1382 2146 singulos
1398 2114 1539 2136 menses
1557 2114 1659 2136 com-

971 2152 1238 2199 prehenderent
1250 2179 1260 2197 ,
1278 2160 1318 2187 ut
1334 2160 1454 2198 postea
1470 2153 1547 2188 fieri
1563 2154 1657 2188 sole-

971 2204 1052 2247 bat,
1069 2211 1254 2239 contentos
1273 2203 1380 2239 fuisse
1401 2204 1515 2250 colligi
1533 2210 1657 2249 potest.

971 2257 1136 2293 —Antea
1148 2256 1246 2292 enim
1265 2257 1391 2303 singuli
1405 2257 1479 2291 dies
1494 2256 1574 2291 festi
1588 2269 1658 2301 pu-

972 2309 1059 2343 blice
1082 2321 1146 2354 per
1162 2309 1288 2343 urbem
1304 2308 1531 2354 praenuntiati
1549 2315 1630 2342 sunt
1643 2335 1654 2352 ,

972 2361 1028 2396 vel
1045 2361 1074 2396 si
1091 2361 1168 2407 quis
1186 2361 1283 2406 prius
1300 2361 1344 2396 de
1361 2360 1402 2395 iis
1418 2361 1506 2396 scire
1520 2361 1632 2395 voluit
1644 2387 1656 2405 ‚
1724 2364 1734 2375 ¹

973 2426 993 2448 a
1010 2413 1176 2458 pontifice
1199 2426 1258 2448 eos
1282 2420 1402 2459 petere
1424 2412 1557 2446 debuit.
1580 2412 1655 2448 Cic.

973 2479 1038 2511 pro
1059 2465 1216 2500 Murena
1245 2479 1280 2499 ιι
1305 2478 1313 2499 :
1334 2465 1446 2499 Erant
1468 2464 1504 2498 in
1530 2477 1657 2511 magna

973 2516 1132 2562 potentia
1148 2516 1207 2562 qui
1223 2516 1495 2551 consulebantur
1506 2542 1517 2559 ,
1540 2529 1560 2551 a
1576 2517 1659 2562 qui-

973 2569 1038 2603 bus
1048 2568 1154 2602 etiam
1164 2567 1251 2611 dies,
1264 2575 1443 2613 tamquam
1455 2580 1475 2602 a
1484 2566 1659 2602 Chaldaeis

974 2620 1247 2666 petebantur.—
1257 2619 1311 2654 Ad
1329 2619 1414 2654 illud
1427 2627 1566 2665 tempus
1578 2632 1662 2664 per-

975 2675 1065 2709 tinet
1081 2673 1175 2709 haud
1186 2673 1291 2709 dubie
1309 2674 1457 2708 Amobii
1473 2674 1567 2708 locus
1582 2672 1658 2707 adv.

978 2734 1099 2773 gentes
1111 2753 1121 2770 ,
1136 2727 1210 2763 vu
1226 2740 1235 2762 ε
1253 2727 1396 2763 Lavatio
1410 2729 1532 2764 matris
1543 2726 1662 2761 Deum
