<?xml version="1.0" encoding="UTF-8"?>
<!DOCTYPE html PUBLIC "-//W3C//DTD XHTML 1.0 Transitional//EN"
    "http://www.w3.org/TR/xhtml1/DTD/xhtml1-transitional.dtd">
<html xmlns="http://www.w3.org/1999/xhtml" xml:lang="en" lang="en">
 <head>
  <title>
</title>
<meta http-equiv="Content-Type" content="text/html;charset=utf-8" />
  <meta name='ocr-system' content='tesseract 3.04.00' />
  <meta name='ocr-capabilities' content='ocr_page ocr_carea ocr_par ocr_line ocrx_word'/>
</head>
<body>
  <div class='ocr_page' id='page_1' title='image "./quaeextantomniao06oviduoft_0321.png"; bbox 0 0 1826 3054; ppageno 0'>
   <div class='ocr_carea' id='block_1_1' title="bbox 547 232 1242 277">
    <p class='ocr_par' dir='ltr' id='par_1_1' title="bbox 547 232 1242 277">
     <span class='ocr_line' id='line_1_1' title="bbox 547 232 1242 277; baseline -0.003 0"><span class='ocrx_word' id='word_1_1' title='bbox 547 232 943 277; x_wconf 82' lang='lat' dir='ltr'>FASTORUM</span> <span class='ocrx_word' id='word_1_2' title='bbox 980 233 1108 276; x_wconf 88' lang='lat' dir='ltr'>LIB.</span> <span class='ocrx_word' id='word_1_3' title='bbox 1150 233 1242 277; x_wconf 92' lang='lat' dir='ltr'>IV.</span> 
     </span>
    </p>
   </div>
   <div class='ocr_carea' id='block_1_2' title="bbox 245 322 1211 393">
    <p class='ocr_par' dir='ltr' id='par_1_2' title="bbox 245 322 1211 393">
     <span class='ocr_line' id='line_1_2' title="bbox 245 322 1211 393; baseline -0.005 -17"><span class='ocrx_word' id='word_1_4' title='bbox 245 327 474 393; x_wconf 83' lang='lat' dir='ltr'>Textaque</span> <span class='ocrx_word' id='word_1_5' title='bbox 494 324 741 391; x_wconf 88' lang='lat' dir='ltr'>composita</span> <span class='ocrx_word' id='word_1_6' title='bbox 762 325 918 389; x_wconf 87' lang='lat' dir='ltr'>juncea</span> <span class='ocrx_word' id='word_1_7' title='bbox 938 322 1078 372; x_wconf 83' lang='lat' dir='ltr'>vincla</span> <span class='ocrx_word' id='word_1_8' title='bbox 1100 342 1211 372; x_wconf 89' lang='lat' dir='ltr'>rosa.</span> 
     </span>
    </p>
   </div>
   <div class='ocr_carea' id='block_1_3' title="bbox 1515 234 1604 387">
    <p class='ocr_par' dir='ltr' id='par_1_3' title="bbox 1515 234 1604 387">
     <span class='ocr_line' id='line_1_3' title="bbox 1515 234 1602 295; baseline -0.034 -15"><span class='ocrx_word' id='word_1_9' title='bbox 1515 234 1602 295; x_wconf 80' lang='lat'>307</span> 
     </span>
     <span class='ocr_line' id='line_1_4' title="bbox 1538 341 1604 387; baseline -0.015 -12"><span class='ocrx_word' id='word_1_10' title='bbox 1538 341 1604 387; x_wconf 81' lang='lat'>870</span> 
     </span>
    </p>
   </div>
   <div class='ocr_carea' id='block_1_4' title="bbox 181 401 1310 700">
    <p class='ocr_par' dir='ltr' id='par_1_4' title="bbox 181 401 1298 528">
     <span class='ocr_line' id='line_1_5' title="bbox 181 401 1248 470; baseline -0.003 -19"><span class='ocrx_word' id='word_1_11' title='bbox 181 403 368 470; x_wconf 85' lang='lat' dir='ltr'>Templa</span> <span class='ocrx_word' id='word_1_12' title='bbox 388 402 655 469; x_wconf 85' lang='lat' dir='ltr'>frequentari</span> <span class='ocrx_word' id='word_1_13' title='bbox 678 401 865 451; x_wconf 84' lang='lat' dir='ltr'>Collinae</span> <span class='ocrx_word' id='word_1_14' title='bbox 885 401 1088 468; x_wconf 82' lang='lat' dir='ltr'>proxima</span> <span class='ocrx_word' id='word_1_15' title='bbox 1110 412 1248 467; x_wconf 70' lang='lat' dir='ltr'>portae</span> 
     </span>
     <span class='ocr_line' id='line_1_6' title="bbox 251 477 1298 528; baseline -0.002 0"><span class='ocrx_word' id='word_1_16' title='bbox 251 482 380 528; x_wconf 89' lang='lat' dir='ltr'>Nunc</span> <span class='ocrx_word' id='word_1_17' title='bbox 402 479 553 528; x_wconf 83' lang='lat' dir='ltr'>decet:</span> <span class='ocrx_word' id='word_1_18' title='bbox 578 497 602 527; x_wconf 91' lang='lat' dir='ltr'>a</span> <span class='ocrx_word' id='word_1_19' title='bbox 623 477 774 527; x_wconf 89' lang='lat' dir='ltr'>Siculo</span> <span class='ocrx_word' id='word_1_20' title='bbox 797 478 977 526; x_wconf 86' lang='lat' dir='ltr'>nomina</span> <span class='ocrx_word' id='word_1_21' title='bbox 996 477 1109 527; x_wconf 89' lang='lat' dir='ltr'>colle</span> <span class='ocrx_word' id='word_1_22' title='bbox 1136 489 1298 527; x_wconf 83' lang='lat' dir='ltr'>tenent.</span> 
     </span>
    </p>

    <p class='ocr_par' dir='ltr' id='par_1_5' title="bbox 188 554 1310 700">
     <span class='ocr_line' id='line_1_7' title="bbox 188 554 1273 623; baseline -0.002 -18"><span class='ocrx_word' id='word_1_23' title='bbox 188 559 338 623; x_wconf 79' lang='lat' dir='ltr'>thue</span> <span class='ocrx_word' id='word_1_24' title='bbox 361 557 598 623; x_wconf 83' lang='lat' dir='ltr'><strong>Syracusas</strong></span> <span class='ocrx_word' id='word_1_25' title='bbox 617 556 910 606; x_wconf 80' lang='lat' dir='ltr'>Arethusidas</span> <span class='ocrx_word' id='word_1_26' title='bbox 933 554 1118 604; x_wconf 83' lang='lat' dir='ltr'>abstulit</span> <span class='ocrx_word' id='word_1_27' title='bbox 1141 556 1273 604; x_wconf 81' lang='lat' dir='ltr'>armis</span> 
     </span>
     <span class='ocr_line' id='line_1_8' title="bbox 256 632 1310 700; baseline -0.003 -17"><span class='ocrx_word' id='word_1_28' title='bbox 256 633 494 693; x_wconf 87' lang='lat' dir='ltr'>Claudius,</span> <span class='ocrx_word' id='word_1_29' title='bbox 518 645 563 682; x_wconf 88' lang='lat' dir='ltr'>et</span> <span class='ocrx_word' id='word_1_30' title='bbox 583 632 705 682; x_wconf 87' lang='lat' dir='ltr'>bello</span> <span class='ocrx_word' id='word_1_31' title='bbox 730 646 776 690; x_wconf 84' lang='lat' dir='ltr'>te¹</span> <span class='ocrx_word' id='word_1_32' title='bbox 796 652 977 700; x_wconf 87' lang='lat' dir='ltr'>quoque</span> <span class='ocrx_word' id='word_1_33' title='bbox 998 633 1140 700; x_wconf 85' lang='lat' dir='ltr'>cepit,</span> <span class='ocrx_word' id='word_1_34' title='bbox 1165 634 1310 700; x_wconf 77' lang='lat' dir='ltr'>Eryx:</span> 
     </span>
    </p>
   </div>
   <div class='ocr_carea' id='block_1_5' title="bbox 191 709 1611 777">
    <p class='ocr_par' dir='ltr' id='par_1_6' title="bbox 191 709 1611 777">
     <span class='ocr_line' id='line_1_9' title="bbox 191 709 1611 777; baseline 0 -19"><span class='ocrx_word' id='word_1_35' title='bbox 191 711 397 759; x_wconf 85' lang='lat' dir='ltr'>Carmine</span> <span class='ocrx_word' id='word_1_36' title='bbox 420 711 582 759; x_wconf 76' lang='lat' dir='ltr'>vivacis</span> <span class='ocrx_word' id='word_1_37' title='bbox 603 712 755 759; x_wconf 60' lang='lat' dir='ltr'>Venus</span> <span class='ocrx_word' id='word_1_38' title='bbox 777 722 846 758; x_wconf 90' lang='lat' dir='ltr'>est</span> <span class='ocrx_word' id='word_1_39' title='bbox 868 709 1076 758; x_wconf 84' lang='lat' dir='ltr'>translata</span> <span class='ocrx_word' id='word_1_40' title='bbox 1097 709 1273 777; x_wconf 82' lang='lat' dir='ltr'>Sibyllae</span> <span class='ocrx_word' id='word_1_41' title='bbox 1293 729 1304 767; x_wconf 89' lang='lat'>;</span> <span class='ocrx_word' id='word_1_42' title='bbox 1544 726 1611 773; x_wconf 74' lang='lat'>855</span> 
     </span>
    </p>
   </div>
   <div class='ocr_carea' id='block_1_6' title="bbox 186 821 879 2782">
    <p class='ocr_par' dir='ltr' id='par_1_7' title="bbox 186 821 873 1752">
     <span class='ocr_line' id='line_1_10' title="bbox 189 821 867 865; baseline 0 -10"><span class='ocrx_word' id='word_1_43' title='bbox 189 821 222 855; x_wconf 90' lang='lat' dir='ltr'>id</span> <span class='ocrx_word' id='word_1_44' title='bbox 239 821 424 856; x_wconf 87' lang='lat' dir='ltr'>odoratum</span> <span class='ocrx_word' id='word_1_45' title='bbox 443 828 515 865; x_wconf 87' lang='lat' dir='ltr'>est,</span> <span class='ocrx_word' id='word_1_46' title='bbox 533 828 566 856; x_wconf 75' lang='lat' dir='ltr'>ot</span> <span class='ocrx_word' id='word_1_47' title='bbox 584 834 602 855; x_wconf 89' lang='lat' dir='ltr'>a</span> <span class='ocrx_word' id='word_1_48' title='bbox 616 821 791 855; x_wconf 83' lang='lat' dir='ltr'>veteribus</span> <span class='ocrx_word' id='word_1_49' title='bbox 806 833 867 855; x_wconf 89' lang='lat' dir='ltr'>co-</span> 
     </span>
     <span class='ocr_line' id='line_1_11' title="bbox 186 874 866 920; baseline 0 -12"><span class='ocrx_word' id='word_1_50' title='bbox 186 874 283 909; x_wconf 85' lang='lat' dir='ltr'>ronis</span> <span class='ocrx_word' id='word_1_51' title='bbox 297 875 532 915; x_wconf 84' lang='lat' dir='ltr'>inserebatur;</span> <span class='ocrx_word' id='word_1_52' title='bbox 550 874 684 909; x_wconf 86' lang='lat' dir='ltr'>Plinius</span> <span class='ocrx_word' id='word_1_53' title='bbox 694 900 704 916; x_wconf 92' lang='lat'>,</span> <span class='ocrx_word' id='word_1_54' title='bbox 716 875 798 916; x_wconf 81' lang='lat' dir='ltr'>XX,</span> <span class='ocrx_word' id='word_1_55' title='bbox 812 886 866 920; x_wconf 81' lang='lat'>9¹·</span> 
     </span>
     <span class='ocr_line' id='line_1_12' title="bbox 187 925 865 973; baseline 0 -13"><span class='ocrx_word' id='word_1_56' title='bbox 187 926 244 961; x_wconf 90' lang='lat' dir='ltr'>De</span> <span class='ocrx_word' id='word_1_57' title='bbox 262 926 399 961; x_wconf 86' lang='lat' dir='ltr'>coronis</span> <span class='ocrx_word' id='word_1_58' title='bbox 417 940 435 961; x_wconf 93' lang='lat' dir='ltr'>e</span> <span class='ocrx_word' id='word_1_59' title='bbox 452 933 573 973; x_wconf 76' lang='lat' dir='ltr'>myrto,</span> <span class='ocrx_word' id='word_1_60' title='bbox 594 925 727 960; x_wconf 85' lang='lat' dir='ltr'>Veneri</span> <span class='ocrx_word' id='word_1_61' title='bbox 748 939 843 960; x_wconf 83' lang='lat' dir='ltr'>sacra</span> <span class='ocrx_word' id='word_1_62' title='bbox 855 952 865 968; x_wconf 93' lang='lat'>,</span> 
     </span>
     <span class='ocr_line' id='line_1_13' title="bbox 187 977 864 1025; baseline -0.003 -12"><span class='ocrx_word' id='word_1_63' title='bbox 187 991 243 1013; x_wconf 79' lang='lat' dir='ltr'>res</span> <span class='ocrx_word' id='word_1_64' title='bbox 256 985 340 1012; x_wconf 83' lang='lat' dir='ltr'>nota</span> <span class='ocrx_word' id='word_1_65' title='bbox 355 993 364 1019; x_wconf 91' lang='lat'>;</span> <span class='ocrx_word' id='word_1_66' title='bbox 386 978 553 1012; x_wconf 82' lang='lat' dir='ltr'>Horatius</span> <span class='ocrx_word' id='word_1_67' title='bbox 565 1005 574 1021; x_wconf 90' lang='lat'>,</span> <span class='ocrx_word' id='word_1_68' title='bbox 595 978 635 1021; x_wconf 85' lang='lat'>1,</span> <span class='ocrx_word' id='word_1_69' title='bbox 653 977 725 1013; x_wconf 87' lang='lat' dir='ltr'>Od.</span> <span class='ocrx_word' id='word_1_70' title='bbox 743 989 802 1020; x_wconf 62' lang='grc' dir='ltr'>ιν,</span> <span class='ocrx_word' id='word_1_71' title='bbox 820 991 864 1025; x_wconf 76' lang='grc'>9;</span> 
     </span>
     <span class='ocr_line' id='line_1_14' title="bbox 189 1028 870 1071; baseline 0 -8"><span class='ocrx_word' id='word_1_72' title='bbox 189 1040 354 1071; x_wconf 78' lang='lat' dir='ltr'>xxxvm,</span> <span class='ocrx_word' id='word_1_73' title='bbox 373 1031 413 1070; x_wconf 88' lang='lat'>5;</span> <span class='ocrx_word' id='word_1_74' title='bbox 433 1029 491 1071; x_wconf 86' lang='lat'>11,</span> <span class='ocrx_word' id='word_1_75' title='bbox 510 1028 666 1071; x_wconf 77' lang='lat' dir='ltr'>Od.v11‚</span> <span class='ocrx_word' id='word_1_76' title='bbox 684 1030 704 1064; x_wconf 89' lang='lat'><strong>8</strong></span> <span class='ocrx_word' id='word_1_77' title='bbox 718 1042 727 1069; x_wconf 88' lang='lat'>;</span> <span class='ocrx_word' id='word_1_78' title='bbox 742 1029 870 1063; x_wconf 84' lang='lat' dir='ltr'>Tibul—</span> 
     </span>
     <span class='ocr_line' id='line_1_15' title="bbox 188 1080 867 1125; baseline 0 -10"><span class='ocrx_word' id='word_1_79' title='bbox 188 1082 242 1115; x_wconf 90' lang='lat' dir='ltr'>lus</span> <span class='ocrx_word' id='word_1_80' title='bbox 254 1108 262 1123; x_wconf 89' lang='lat'><strong><em>‚</em></strong></span> <span class='ocrx_word' id='word_1_81' title='bbox 282 1082 319 1122; x_wconf 90' lang='lat'>1,</span> <span class='ocrx_word' id='word_1_82' title='bbox 339 1092 361 1114; x_wconf 83' lang='lat' dir='ltr'>x</span> <span class='ocrx_word' id='word_1_83' title='bbox 373 1107 383 1124; x_wconf 82' lang='lat'>,</span> <span class='ocrx_word' id='word_1_84' title='bbox 403 1080 555 1124; x_wconf 78' lang='lat' dir='ltr'>27.-—De</span> <span class='ocrx_word' id='word_1_85' title='bbox 561 1081 667 1124; x_wconf 81' lang='lat' dir='ltr'>junci</span> <span class='ocrx_word' id='word_1_86' title='bbox 680 1080 867 1125; x_wconf 79' lang='lat' dir='ltr'>generibus</span> 
     </span>
     <span class='ocr_line' id='line_1_16' title="bbox 189 1131 867 1180; baseline 0.001 -15"><span class='ocrx_word' id='word_1_87' title='bbox 189 1131 268 1166; x_wconf 72' lang='lat' dir='ltr'>vide</span> <span class='ocrx_word' id='word_1_88' title='bbox 285 1132 439 1166; x_wconf 85' lang='lat' dir='ltr'>Plinium</span> <span class='ocrx_word' id='word_1_89' title='bbox 452 1158 462 1174; x_wconf 91' lang='lat'>,</span> <span class='ocrx_word' id='word_1_90' title='bbox 484 1131 594 1174; x_wconf 88' lang='lat' dir='ltr'>XXI,</span> <span class='ocrx_word' id='word_1_91' title='bbox 612 1132 661 1180; x_wconf 72' lang='lat'>69</span> <span class='ocrx_word' id='word_1_92' title='bbox 675 1144 750 1176; x_wconf 88' lang='lat' dir='ltr'>sqq.</span> <span class='ocrx_word' id='word_1_93' title='bbox 767 1132 810 1166; x_wconf 85' lang='lat' dir='ltr'>ln</span> <span class='ocrx_word' id='word_1_94' title='bbox 828 1132 867 1166; x_wconf 88' lang='lat' dir='ltr'>iis</span> 
     </span>
     <span class='ocr_line' id='line_1_17' title="bbox 189 1183 869 1229; baseline -0.003 -11"><span class='ocrx_word' id='word_1_95' title='bbox 189 1183 350 1229; x_wconf 67' lang='lat' dir='ltr'>quiedam</span> <span class='ocrx_word' id='word_1_96' title='bbox 364 1183 508 1217; x_wconf 86' lang='lat' dir='ltr'>odorata</span> <span class='ocrx_word' id='word_1_97' title='bbox 521 1207 531 1223; x_wconf 87' lang='lat'>,</span> <span class='ocrx_word' id='word_1_98' title='bbox 550 1195 701 1228; x_wconf 83' lang='lat' dir='ltr'>quorum</span> <span class='ocrx_word' id='word_1_99' title='bbox 713 1183 802 1216; x_wconf 87' lang='lat' dir='ltr'>odor</span> <span class='ocrx_word' id='word_1_100' title='bbox 814 1183 869 1216; x_wconf 84' lang='lat' dir='ltr'>vi-</span> 
     </span>
     <span class='ocr_line' id='line_1_18' title="bbox 191 1232 869 1271; baseline -0.004 0"><span class='ocrx_word' id='word_1_101' title='bbox 191 1238 289 1271; x_wconf 82' lang='lat' dir='ltr'>cinus</span> <span class='ocrx_word' id='word_1_102' title='bbox 313 1236 432 1270; x_wconf 86' lang='lat' dir='ltr'>nardo.</span> <span class='ocrx_word' id='word_1_103' title='bbox 448 1232 554 1270; x_wconf 80' lang='lat' dir='ltr'>—lis</span> <span class='ocrx_word' id='word_1_104' title='bbox 581 1238 813 1270; x_wconf 80' lang='lat' dir='ltr'><em>vinciebantur</em></span> <span class='ocrx_word' id='word_1_105' title='bbox 834 1241 869 1268; x_wconf 89' lang='lat' dir='ltr'>et</span> 
     </span>
     <span class='ocr_line' id='line_1_19' title="bbox 191 1287 870 1324; baseline -0.006 0"><span class='ocrx_word' id='word_1_106' title='bbox 191 1302 276 1324; x_wconf 73' lang='lat' dir='ltr'>tosae</span> <span class='ocrx_word' id='word_1_107' title='bbox 298 1289 335 1323; x_wconf 92' lang='lat' dir='ltr'>in</span> <span class='ocrx_word' id='word_1_108' title='bbox 359 1295 462 1323; x_wconf 87' lang='lat' dir='ltr'>serta.</span> <span class='ocrx_word' id='word_1_109' title='bbox 483 1288 592 1323; x_wconf 89' lang='lat' dir='ltr'>Sertis</span> <span class='ocrx_word' id='word_1_110' title='bbox 612 1295 731 1322; x_wconf 89' lang='lat' dir='ltr'>autem</span> <span class='ocrx_word' id='word_1_111' title='bbox 755 1295 790 1322; x_wconf 89' lang='lat' dir='ltr'>et</span> <span class='ocrx_word' id='word_1_112' title='bbox 810 1287 870 1321; x_wconf 87' lang='lat' dir='ltr'>Dii</span> 
     </span>
     <span class='ocr_line' id='line_1_20' title="bbox 194 1339 868 1380; baseline -0.003 -5"><span class='ocrx_word' id='word_1_113' title='bbox 194 1348 273 1375; x_wconf 85' lang='lat' dir='ltr'>ante</span> <span class='ocrx_word' id='word_1_114' title='bbox 288 1353 365 1374; x_wconf 83' lang='lat' dir='ltr'>rem</span> <span class='ocrx_word' id='word_1_115' title='bbox 381 1352 514 1374; x_wconf 86' lang='lat' dir='ltr'>sacram</span> <span class='ocrx_word' id='word_1_116' title='bbox 532 1340 769 1380; x_wconf 84' lang='lat' dir='ltr'>ornabantur;</span> <span class='ocrx_word' id='word_1_117' title='bbox 787 1339 868 1373; x_wconf 86' lang='lat' dir='ltr'>Ho-</span> 
     </span>
     <span class='ocr_line' id='line_1_21' title="bbox 191 1391 871 1436; baseline -0.003 -9"><span class='ocrx_word' id='word_1_118' title='bbox 191 1393 317 1435; x_wconf 80' lang='lat' dir='ltr'>ratius,</span> <span class='ocrx_word' id='word_1_119' title='bbox 333 1392 407 1435; x_wconf 81' lang='grc' dir='ltr'>ΙΙΙ,</span> <span class='ocrx_word' id='word_1_120' title='bbox 420 1391 491 1427; x_wconf 84' lang='lat' dir='ltr'>Od.</span> <span class='ocrx_word' id='word_1_121' title='bbox 504 1403 617 1436; x_wconf 72' lang='lat' dir='ltr'>xxxu,</span> <span class='ocrx_word' id='word_1_122' title='bbox 634 1396 694 1428; x_wconf 85' lang='lat'>15:</span> <span class='ocrx_word' id='word_1_123' title='bbox 709 1406 726 1422; x_wconf 75' lang='grc' dir='ltr'><strong><em>κ</em></strong></span> <span class='ocrx_word' id='word_1_124' title='bbox 740 1392 871 1427; x_wconf 70' lang='lat' dir='ltr'>Parvos</span> 
     </span>
     <span class='ocr_line' id='line_1_22' title="bbox 193 1444 871 1480; baseline -0.003 0"><span class='ocrx_word' id='word_1_125' title='bbox 193 1461 211 1476; x_wconf 71' lang='lat' dir='ltr'>x»</span> <span class='ocrx_word' id='word_1_126' title='bbox 223 1451 453 1480; x_wconf 80' lang='lat' dir='ltr'><strong>coronantem</strong></span> <span class='ocrx_word' id='word_1_127' title='bbox 483 1445 623 1479; x_wconf 87' lang='lat' dir='ltr'>marino</span> <span class='ocrx_word' id='word_1_128' title='bbox 649 1445 743 1480; x_wconf 84' lang='lat' dir='ltr'>Rore</span> <span class='ocrx_word' id='word_1_129' title='bbox 773 1444 871 1479; x_wconf 88' lang='lat' dir='ltr'>Deos</span> 
     </span>
     <span class='ocr_line' id='line_1_23' title="bbox 194 1495 873 1545; baseline -0.004 -13"><span class='ocrx_word' id='word_1_130' title='bbox 194 1513 212 1527; x_wconf 70' lang='grc' dir='ltr'>ι»</span> <span class='ocrx_word' id='word_1_131' title='bbox 223 1497 405 1544; x_wconf 77' lang='lat' dir='ltr'>fragilique</span> <span class='ocrx_word' id='word_1_132' title='bbox 414 1504 541 1545; x_wconf 82' lang='lat' dir='ltr'>myrto.</span> <span class='ocrx_word' id='word_1_133' title='bbox 551 1512 568 1526; x_wconf 82' lang='lat'>»</span> <span class='ocrx_word' id='word_1_134' title='bbox 579 1495 758 1531; x_wconf 85' lang='lat' dir='ltr'>Caeterum</span> <span class='ocrx_word' id='word_1_135' title='bbox 770 1502 873 1542; x_wconf 86' lang='lat' dir='ltr'>poeta</span> 
     </span>
     <span class='ocr_line' id='line_1_24' title="bbox 191 1548 873 1594; baseline -0.006 -9"><span class='ocrx_word' id='word_1_136' title='bbox 191 1550 247 1586; x_wconf 77' lang='lat' dir='ltr'>hic</span> <span class='ocrx_word' id='word_1_137' title='bbox 265 1550 454 1585; x_wconf 78' lang='lat' dir='ltr'>cumulavit</span> <span class='ocrx_word' id='word_1_138' title='bbox 479 1550 583 1584; x_wconf 84' lang='lat' dir='ltr'>verba</span> <span class='ocrx_word' id='word_1_139' title='bbox 595 1576 606 1594; x_wconf 91' lang='lat'>,</span> <span class='ocrx_word' id='word_1_140' title='bbox 630 1556 666 1584; x_wconf 91' lang='lat' dir='ltr'>et</span> <span class='ocrx_word' id='word_1_141' title='bbox 683 1561 772 1583; x_wconf 88' lang='lat' dir='ltr'>sono</span> <span class='ocrx_word' id='word_1_142' title='bbox 790 1548 873 1582; x_wconf 88' lang='lat' dir='ltr'>imi-</span> 
     </span>
     <span class='ocr_line' id='line_1_25' title="bbox 192 1599 873 1646; baseline -0.006 -10"><span class='ocrx_word' id='word_1_143' title='bbox 192 1601 260 1636; x_wconf 84' lang='lat' dir='ltr'>tari</span> <span class='ocrx_word' id='word_1_144' title='bbox 282 1601 391 1636; x_wconf 83' lang='lat' dir='ltr'>voluit</span> <span class='ocrx_word' id='word_1_145' title='bbox 412 1600 496 1635; x_wconf 89' lang='lat' dir='ltr'>illud</span> <span class='ocrx_word' id='word_1_146' title='bbox 511 1600 649 1646; x_wconf 79' lang='lat' dir='ltr'>Virgilii</span> <span class='ocrx_word' id='word_1_147' title='bbox 667 1627 677 1643; x_wconf 94' lang='lat'>,</span> <span class='ocrx_word' id='word_1_148' title='bbox 706 1614 723 1629; x_wconf 85' lang='lat'>«</span> <span class='ocrx_word' id='word_1_149' title='bbox 750 1599 873 1633; x_wconf 86' lang='lat' dir='ltr'>Mollia</span> 
     </span>
     <span class='ocr_line' id='line_1_26' title="bbox 191 1652 871 1700; baseline -0.003 -12"><span class='ocrx_word' id='word_1_150' title='bbox 191 1668 211 1684; x_wconf 77' lang='grc' dir='ltr'>ι»</span> <span class='ocrx_word' id='word_1_151' title='bbox 229 1654 357 1689; x_wconf 85' lang='lat' dir='ltr'>luteola</span> <span class='ocrx_word' id='word_1_152' title='bbox 376 1654 488 1700; x_wconf 79' lang='lat' dir='ltr'>pingit</span> <span class='ocrx_word' id='word_1_153' title='bbox 513 1653 665 1688; x_wconf 82' lang='lat' dir='ltr'>vaccinia</span> <span class='ocrx_word' id='word_1_154' title='bbox 697 1652 833 1694; x_wconf 86' lang='lat' dir='ltr'>caltha;</span> <span class='ocrx_word' id='word_1_155' title='bbox 853 1667 871 1683; x_wconf 85' lang='lat'><strong>»</strong></span> 
     </span>
     <span class='ocr_line' id='line_1_27' title="bbox 194 1706 459 1752; baseline 0 -11"><span class='ocrx_word' id='word_1_156' title='bbox 194 1706 312 1752; x_wconf 82' lang='lat' dir='ltr'>Eclog.</span> <span class='ocrx_word' id='word_1_157' title='bbox 327 1707 383 1750; x_wconf 90' lang='lat'>11,</span> <span class='ocrx_word' id='word_1_158' title='bbox 406 1710 459 1742; x_wconf 90' lang='lat'>50.</span> 
     </span>
    </p>

    <p class='ocr_par' dir='ltr' id='par_1_8' title="bbox 192 1756 879 2782">
     <span class='ocr_line' id='line_1_28' title="bbox 235 1756 875 1806; baseline -0.002 -14"><span class='ocrx_word' id='word_1_159' title='bbox 235 1759 310 1803; x_wconf 83' lang='lat'><strong>871.</strong></span> <span class='ocrx_word' id='word_1_160' title='bbox 329 1758 522 1806; x_wconf 87' lang='lat' dir='ltr'>Templum</span> <span class='ocrx_word' id='word_1_161' title='bbox 542 1757 704 1805; x_wconf 64' lang='lat' dir='ltr'>Erycina</span> <span class='ocrx_word' id='word_1_162' title='bbox 722 1756 875 1792; x_wconf 79' lang='lat' dir='ltr'>Veneris</span> 
     </span>
     <span class='ocr_line' id='line_1_29' title="bbox 192 1809 874 1854; baseline 0.001 -11"><span class='ocrx_word' id='word_1_163' title='bbox 192 1822 300 1854; x_wconf 80' lang='lat' dir='ltr'>prope</span> <span class='ocrx_word' id='word_1_164' title='bbox 335 1811 537 1845; x_wconf 74' lang='lat' dir='ltr'>Collatinum</span> <span class='ocrx_word' id='word_1_165' title='bbox 560 1818 693 1854; x_wconf 78' lang='lat' dir='ltr'>portam</span> <span class='ocrx_word' id='word_1_166' title='bbox 725 1809 874 1845; x_wconf 81' lang='lat' dir='ltr'>Ovidius</span> 
     </span>
     <span class='ocr_line' id='line_1_30' title="bbox 193 1861 874 1910; baseline 0.001 -15"><span class='ocrx_word' id='word_1_167' title='bbox 193 1861 300 1896; x_wconf 82' lang='lat' dir='ltr'>etiam</span> <span class='ocrx_word' id='word_1_168' title='bbox 310 1862 459 1896; x_wconf 85' lang='lat' dir='ltr'>Remed.</span> <span class='ocrx_word' id='word_1_169' title='bbox 477 1865 542 1910; x_wconf 73' lang='lat'>549</span> <span class='ocrx_word' id='word_1_170' title='bbox 555 1870 751 1904; x_wconf 86' lang='lat' dir='ltr'>memorat;</span> <span class='ocrx_word' id='word_1_171' title='bbox 769 1870 874 1907; x_wconf 83' lang='lat' dir='ltr'>atque</span> 
     </span>
     <span class='ocr_line' id='line_1_31' title="bbox 195 1911 876 1959; baseline 0.001 -12"><span class='ocrx_word' id='word_1_172' title='bbox 195 1911 279 1947; x_wconf 83' lang='lat' dir='ltr'>illud</span> <span class='ocrx_word' id='word_1_173' title='bbox 296 1913 410 1958; x_wconf 80' lang='lat' dir='ltr'>ipsum</span> <span class='ocrx_word' id='word_1_174' title='bbox 426 1939 436 1956; x_wconf 91' lang='lat'>,</span> <span class='ocrx_word' id='word_1_175' title='bbox 451 1913 542 1947; x_wconf 80' lang='lat' dir='ltr'>bello</span> <span class='ocrx_word' id='word_1_176' title='bbox 552 1913 876 1959; x_wconf 82' lang='lat' dir='ltr'>LigustinoaLucio</span> 
     </span>
     <span class='ocr_line' id='line_1_32' title="bbox 198 1964 873 2010; baseline 0 -11"><span class='ocrx_word' id='word_1_177' title='bbox 198 1964 326 1999; x_wconf 80' lang='lat' dir='ltr'>Porcio</span> <span class='ocrx_word' id='word_1_178' title='bbox 344 1977 440 1999; x_wconf 82' lang='lat' dir='ltr'>cons,</span> <span class='ocrx_word' id='word_1_179' title='bbox 466 1972 587 1999; x_wconf 86' lang='lat' dir='ltr'>votum</span> <span class='ocrx_word' id='word_1_180' title='bbox 602 1991 611 2007; x_wconf 90' lang='lat'>,</span> <span class='ocrx_word' id='word_1_181' title='bbox 628 1978 648 1999; x_wconf 84' lang='lat' dir='ltr'>a</span> <span class='ocrx_word' id='word_1_182' title='bbox 667 1965 706 1999; x_wconf 88' lang='lat' dir='ltr'>L.</span> <span class='ocrx_word' id='word_1_183' title='bbox 722 1966 848 2000; x_wconf 88' lang='lat' dir='ltr'>Porcio</span> <span class='ocrx_word' id='word_1_184' title='bbox 862 1992 873 2010; x_wconf 89' lang='lat'>,</span> 
     </span>
     <span class='ocr_line' id='line_1_33' title="bbox 198 2016 875 2062; baseline 0.001 -11"><span class='ocrx_word' id='word_1_185' title='bbox 198 2017 236 2050; x_wconf 89' lang='lat' dir='ltr'>L.</span> <span class='ocrx_word' id='word_1_186' title='bbox 250 2017 289 2051; x_wconf 84' lang='lat' dir='ltr'>F.</span> <span class='ocrx_word' id='word_1_187' title='bbox 305 2017 440 2051; x_wconf 88' lang='lat' dir='ltr'>Licinio</span> <span class='ocrx_word' id='word_1_188' title='bbox 458 2016 646 2051; x_wconf 85' lang='lat' dir='ltr'>duumviro</span> <span class='ocrx_word' id='word_1_189' title='bbox 656 2042 667 2060; x_wconf 86' lang='lat'>,</span> <span class='ocrx_word' id='word_1_190' title='bbox 682 2017 726 2051; x_wconf 82' lang='lat' dir='ltr'>ad</span> <span class='ocrx_word' id='word_1_191' title='bbox 738 2025 875 2062; x_wconf 88' lang='lat' dir='ltr'>portam</span> 
     </span>
     <span class='ocr_line' id='line_1_34' title="bbox 199 2068 875 2113; baseline 0.001 -10"><span class='ocrx_word' id='word_1_192' title='bbox 199 2068 376 2103; x_wconf 79' lang='lat' dir='ltr'>Collinam</span> <span class='ocrx_word' id='word_1_193' title='bbox 401 2068 599 2103; x_wconf 87' lang='lat' dir='ltr'>dedicatum</span> <span class='ocrx_word' id='word_1_194' title='bbox 617 2068 719 2103; x_wconf 83' lang='lat' dir='ltr'>fuisse</span> <span class='ocrx_word' id='word_1_195' title='bbox 736 2069 875 2113; x_wconf 83' lang='lat' dir='ltr'>Livius,</span> 
     </span>
     <span class='ocr_line' id='line_1_35' title="bbox 198 2121 875 2165; baseline 0 -9"><span class='ocrx_word' id='word_1_196' title='bbox 198 2121 263 2156; x_wconf 90' lang='lat' dir='ltr'>XL</span> <span class='ocrx_word' id='word_1_197' title='bbox 275 2147 285 2163; x_wconf 92' lang='lat'>,</span> <span class='ocrx_word' id='word_1_198' title='bbox 302 2121 363 2164; x_wconf 79' lang='grc'>34,</span> <span class='ocrx_word' id='word_1_199' title='bbox 382 2129 510 2156; x_wconf 84' lang='lat' dir='ltr'>narrat.</span> <span class='ocrx_word' id='word_1_200' title='bbox 523 2121 624 2155; x_wconf 84' lang='lat' dir='ltr'>Adde</span> <span class='ocrx_word' id='word_1_201' title='bbox 642 2121 853 2157; x_wconf 76' lang='lat' dir='ltr'>Strabonem</span> <span class='ocrx_word' id='word_1_202' title='bbox 864 2148 875 2165; x_wconf 87' lang='lat'>,</span> 
     </span>
     <span class='ocr_line' id='line_1_36' title="bbox 196 2173 872 2220; baseline 0.003 -14"><span class='ocrx_word' id='word_1_203' title='bbox 196 2173 253 2207; x_wconf 90' lang='lat' dir='ltr'>lib.</span> <span class='ocrx_word' id='word_1_204' title='bbox 270 2173 335 2207; x_wconf 88' lang='lat' dir='ltr'>Vl.</span> <span class='ocrx_word' id='word_1_205' title='bbox 352 2173 486 2208; x_wconf 81' lang='lat' dir='ltr'>Eadem</span> <span class='ocrx_word' id='word_1_206' title='bbox 499 2180 617 2208; x_wconf 90' lang='lat' dir='ltr'>autem</span> <span class='ocrx_word' id='word_1_207' title='bbox 630 2173 695 2208; x_wconf 88' lang='lat' dir='ltr'>dea</span> <span class='ocrx_word' id='word_1_208' title='bbox 705 2174 743 2208; x_wconf 90' lang='lat' dir='ltr'>in</span> <span class='ocrx_word' id='word_1_209' title='bbox 752 2175 872 2220; x_wconf 68' lang='lat' dir='ltr'>Eryce,</span> 
     </span>
     <span class='ocr_line' id='line_1_37' title="bbox 196 2224 876 2270; baseline 0.001 -12"><span class='ocrx_word' id='word_1_210' title='bbox 196 2231 319 2259; x_wconf 88' lang='lat' dir='ltr'>monte</span> <span class='ocrx_word' id='word_1_211' title='bbox 348 2224 471 2259; x_wconf 83' lang='lat' dir='ltr'>Siciliae</span> <span class='ocrx_word' id='word_1_212' title='bbox 501 2238 604 2270; x_wconf 84' lang='lat' dir='ltr'>supra</span> <span class='ocrx_word' id='word_1_213' title='bbox 641 2224 849 2270; x_wconf 76' lang='lat' dir='ltr'>Drepanum</span> <span class='ocrx_word' id='word_1_214' title='bbox 865 2251 876 2268; x_wconf 90' lang='lat'>,</span> 
     </span>
     <span class='ocr_line' id='line_1_38' title="bbox 197 2275 877 2321; baseline 0 -11"><span class='ocrx_word' id='word_1_215' title='bbox 197 2276 370 2321; x_wconf 69' lang='lat' dir='ltr'>«emplum</span> <span class='ocrx_word' id='word_1_216' title='bbox 399 2275 547 2310; x_wconf 85' lang='lat' dir='ltr'>habebat</span> <span class='ocrx_word' id='word_1_217' title='bbox 578 2276 832 2310; x_wconf 79' lang='lat' dir='ltr'>nobilissimum</span> <span class='ocrx_word' id='word_1_218' title='bbox 858 2289 877 2310; x_wconf 90' lang='lat' dir='ltr'>a</span> 
     </span>
     <span class='ocr_line' id='line_1_39' title="bbox 197 2326 875 2375; baseline 0.004 -15"><span class='ocrx_word' id='word_1_219' title='bbox 197 2326 361 2371; x_wconf 74' lang='lat' dir='ltr'>Troianis</span> <span class='ocrx_word' id='word_1_220' title='bbox 381 2326 586 2368; x_wconf 86' lang='lat' dir='ltr'>conditum;</span> <span class='ocrx_word' id='word_1_221' title='bbox 611 2327 698 2361; x_wconf 82' lang='lat' dir='ltr'>AEn.</span> <span class='ocrx_word' id='word_1_222' title='bbox 719 2328 771 2370; x_wconf 79' lang='lat' dir='ltr'>V,</span> <span class='ocrx_word' id='word_1_223' title='bbox 790 2333 875 2375; x_wconf 81' lang='lat'><strong>759;</strong></span> 
     </span>
     <span class='ocr_line' id='line_1_40' title="bbox 199 2377 875 2426; baseline 0.004 -14"><span class='ocrx_word' id='word_1_224' title='bbox 199 2377 243 2412; x_wconf 86' lang='lat' dir='ltr'>de</span> <span class='ocrx_word' id='word_1_225' title='bbox 259 2391 328 2424; x_wconf 84' lang='lat' dir='ltr'>qno</span> <span class='ocrx_word' id='word_1_226' title='bbox 343 2379 439 2414; x_wconf 79' lang='lat' dir='ltr'>locus</span> <span class='ocrx_word' id='word_1_227' title='bbox 454 2379 610 2415; x_wconf 81' lang='lat' dir='ltr'>classicus</span> <span class='ocrx_word' id='word_1_228' title='bbox 622 2380 714 2426; x_wconf 89' lang='lat' dir='ltr'>apud</span> <span class='ocrx_word' id='word_1_229' title='bbox 726 2380 875 2416; x_wconf 89' lang='lat' dir='ltr'>Diodor.</span> 
     </span>
     <span class='ocr_line' id='line_1_41' title="bbox 199 2429 877 2479; baseline 0.004 -16"><span class='ocrx_word' id='word_1_230' title='bbox 199 2429 369 2474; x_wconf 80' lang='lat' dir='ltr'>Siculum,</span> <span class='ocrx_word' id='word_1_231' title='bbox 386 2429 521 2474; x_wconf 64' lang='lat' dir='ltr'>liij,</span> <span class='ocrx_word' id='word_1_232' title='bbox 532 2438 617 2466; x_wconf 86' lang='lat' dir='ltr'>extr.</span> <span class='ocrx_word' id='word_1_233' title='bbox 635 2431 727 2466; x_wconf 86' lang='lat' dir='ltr'>Vide</span> <span class='ocrx_word' id='word_1_234' title='bbox 743 2432 877 2479; x_wconf 80' lang='lat' dir='ltr'>Heynii</span> 
     </span>
     <span class='ocr_line' id='line_1_42' title="bbox 200 2481 872 2521; baseline 0.004 -5"><span class='ocrx_word' id='word_1_235' title='bbox 200 2481 340 2517; x_wconf 82' lang='lat' dir='ltr'>Excurs.</span> <span class='ocrx_word' id='word_1_236' title='bbox 352 2482 389 2517; x_wconf 91' lang='lat'>11</span> <span class='ocrx_word' id='word_1_237' title='bbox 405 2482 447 2516; x_wconf 89' lang='lat' dir='ltr'>ad</span> <span class='ocrx_word' id='word_1_238' title='bbox 463 2483 561 2518; x_wconf 90' lang='lat' dir='ltr'>illum</span> <span class='ocrx_word' id='word_1_239' title='bbox 574 2483 716 2521; x_wconf 82' lang='lat' dir='ltr'>AEneid.</span> <span class='ocrx_word' id='word_1_240' title='bbox 733 2483 872 2519; x_wconf 86' lang='lat' dir='ltr'>librum.</span> 
     </span>
     <span class='ocr_line' id='line_1_43' title="bbox 200 2531 878 2582; baseline 0.003 -14"><span class='ocrx_word' id='word_1_241' title='bbox 200 2533 232 2567; x_wconf 88' lang='lat' dir='ltr'>E</span> <span class='ocrx_word' id='word_1_242' title='bbox 247 2533 361 2569; x_wconf 84' lang='lat' dir='ltr'>Sicilia</span> <span class='ocrx_word' id='word_1_243' title='bbox 375 2542 491 2569; x_wconf 86' lang='lat' dir='ltr'>autem</span> <span class='ocrx_word' id='word_1_244' title='bbox 505 2535 656 2582; x_wconf 82' lang='lat' dir='ltr'>Erycina</span> <span class='ocrx_word' id='word_1_245' title='bbox 671 2531 878 2581; x_wconf 32' lang='lat' dir='ltr'>Venus-jam</span> 
     </span>
     <span class='ocr_line' id='line_1_44' title="bbox 201 2586 878 2632; baseline 0.004 -12"><span class='ocrx_word' id='word_1_246' title='bbox 201 2586 298 2632; x_wconf 79' lang='lat' dir='ltr'>prius</span> <span class='ocrx_word' id='word_1_247' title='bbox 314 2590 482 2622; x_wconf 79' lang='lat' dir='ltr'>translata</span> <span class='ocrx_word' id='word_1_248' title='bbox 496 2596 571 2623; x_wconf 85' lang='lat' dir='ltr'>erat</span> <span class='ocrx_word' id='word_1_249' title='bbox 590 2589 743 2623; x_wconf 84' lang='lat' dir='ltr'>Romam</span> <span class='ocrx_word' id='word_1_250' title='bbox 753 2616 763 2631; x_wconf 93' lang='lat'>,</span> <span class='ocrx_word' id='word_1_251' title='bbox 783 2597 878 2623; x_wconf 83' lang='lat' dir='ltr'>tem-</span> 
     </span>
     <span class='ocr_line' id='line_1_45' title="bbox 202 2639 879 2684; baseline 0.004 -12"><span class='ocrx_word' id='word_1_252' title='bbox 202 2652 286 2684; x_wconf 86' lang='lat' dir='ltr'>pore</span> <span class='ocrx_word' id='word_1_253' title='bbox 300 2639 379 2674; x_wconf 88' lang='lat' dir='ltr'>belli</span> <span class='ocrx_word' id='word_1_254' title='bbox 391 2640 516 2675; x_wconf 85' lang='lat' dir='ltr'>Punici</span> <span class='ocrx_word' id='word_1_255' title='bbox 529 2641 682 2676; x_wconf 85' lang='lat' dir='ltr'>secundi.</span> <span class='ocrx_word' id='word_1_256' title='bbox 695 2643 791 2676; x_wconf 82' lang='lat' dir='ltr'>Ann.</span> <span class='ocrx_word' id='word_1_257' title='bbox 804 2655 837 2677; x_wconf 87' lang='lat' dir='ltr'>u.</span> <span class='ocrx_word' id='word_1_258' title='bbox 848 2655 879 2676; x_wconf 85' lang='lat' dir='ltr'>c.</span> 
     </span>
     <span class='ocr_line' id='line_1_46' title="bbox 204 2691 878 2738; baseline 0.004 -13"><span class='ocrx_word' id='word_1_259' title='bbox 204 2692 268 2726; x_wconf 82' lang='lat'>535</span> <span class='ocrx_word' id='word_1_260' title='bbox 284 2691 404 2735; x_wconf 87' lang='lat' dir='ltr'>enim,</span> <span class='ocrx_word' id='word_1_261' title='bbox 428 2705 537 2737; x_wconf 87' lang='lat' dir='ltr'>quum</span> <span class='ocrx_word' id='word_1_262' title='bbox 557 2701 736 2738; x_wconf 85' lang='lat' dir='ltr'>peceatum</span> <span class='ocrx_word' id='word_1_263' title='bbox 754 2700 842 2728; x_wconf 87' lang='lat' dir='ltr'>esset</span> <span class='ocrx_word' id='word_1_264' title='bbox 859 2706 878 2728; x_wconf 93' lang='lat' dir='ltr'>a</span> 
     </span>
     <span class='ocr_line' id='line_1_47' title="bbox 206 2743 877 2782; baseline 0.003 -4"><span class='ocrx_word' id='word_1_265' title='bbox 206 2743 237 2778; x_wconf 88' lang='lat' dir='ltr'>C</span> <span class='ocrx_word' id='word_1_266' title='bbox 243 2769 250 2775; x_wconf 94' lang='lat'><strong><em>.</em></strong></span> <span class='ocrx_word' id='word_1_267' title='bbox 261 2743 433 2778; x_wconf 78' lang='lat' dir='ltr'>Flaminio</span> <span class='ocrx_word' id='word_1_268' title='bbox 441 2757 508 2780; x_wconf 82' lang='lat' dir='ltr'>cos.</span> <span class='ocrx_word' id='word_1_269' title='bbox 518 2744 705 2781; x_wconf 84' lang='lat' dir='ltr'>decemviri</span> <span class='ocrx_word' id='word_1_270' title='bbox 716 2749 818 2782; x_wconf 75' lang='lat' dir='ltr'>libros</span> <span class='ocrx_word' id='word_1_271' title='bbox 826 2747 877 2780; x_wconf 81' lang='lat' dir='ltr'>Si-</span> 
     </span>
    </p>
   </div>
   <div class='ocr_carea' id='block_1_7' title="bbox 929 820 1636 2738">
    <p class='ocr_par' dir='ltr' id='par_1_9' title="bbox 929 820 1636 2738">
     <span class='ocr_line' id='line_1_48' title="bbox 930 820 1611 867; baseline 0.003 -13"><span class='ocrx_word' id='word_1_272' title='bbox 930 823 1077 867; x_wconf 79' lang='lat' dir='ltr'>byllinos</span> <span class='ocrx_word' id='word_1_273' title='bbox 1091 820 1185 855; x_wconf 89' lang='lat' dir='ltr'>adire</span> <span class='ocrx_word' id='word_1_274' title='bbox 1198 821 1279 865; x_wconf 77' lang='lat' dir='ltr'>jussi</span> <span class='ocrx_word' id='word_1_275' title='bbox 1293 828 1375 856; x_wconf 86' lang='lat' dir='ltr'>sunt</span> <span class='ocrx_word' id='word_1_276' title='bbox 1384 848 1394 865; x_wconf 91' lang='lat'>,</span> <span class='ocrx_word' id='word_1_277' title='bbox 1406 827 1444 855; x_wconf 85' lang='lat' dir='ltr'>ut</span> <span class='ocrx_word' id='word_1_278' title='bbox 1454 834 1531 867; x_wconf 82' lang='lat' dir='ltr'>quae</span> <span class='ocrx_word' id='word_1_279' title='bbox 1545 822 1611 867; x_wconf 87' lang='lat' dir='ltr'>pia-</span> 
     </span>
     <span class='ocr_line' id='line_1_49' title="bbox 929 873 1609 920; baseline 0.001 -13"><span class='ocrx_word' id='word_1_280' title='bbox 929 873 1006 908; x_wconf 88' lang='lat' dir='ltr'>cula</span> <span class='ocrx_word' id='word_1_281' title='bbox 1020 874 1080 908; x_wconf 82' lang='lat' dir='ltr'>irae</span> <span class='ocrx_word' id='word_1_282' title='bbox 1095 873 1254 908; x_wconf 85' lang='lat' dir='ltr'>Deorum</span> <span class='ocrx_word' id='word_1_283' title='bbox 1271 881 1387 908; x_wconf 86' lang='lat' dir='ltr'>essent</span> <span class='ocrx_word' id='word_1_284' title='bbox 1398 900 1408 917; x_wconf 91' lang='lat'>‚</span> <span class='ocrx_word' id='word_1_285' title='bbox 1426 887 1609 920; x_wconf 79' lang='lat' dir='ltr'>cognosce—</span> 
     </span>
     <span class='ocr_line' id='line_1_50' title="bbox 930 926 1612 972; baseline 0.003 -12"><span class='ocrx_word' id='word_1_286' title='bbox 930 933 1038 960; x_wconf 87' lang='lat' dir='ltr'>retur.</span> <span class='ocrx_word' id='word_1_287' title='bbox 1063 926 1113 969; x_wconf 81' lang='lat' dir='ltr'>li,</span> <span class='ocrx_word' id='word_1_288' title='bbox 1135 926 1295 972; x_wconf 81' lang='lat' dir='ltr'>inspectis</span> <span class='ocrx_word' id='word_1_289' title='bbox 1320 926 1414 961; x_wconf 86' lang='lat' dir='ltr'>libris</span> <span class='ocrx_word' id='word_1_290' title='bbox 1431 926 1612 969; x_wconf 83' lang='lat' dir='ltr'>fatalibus,</span> 
     </span>
     <span class='ocr_line' id='line_1_51' title="bbox 932 978 1611 1014; baseline 0.003 -2"><span class='ocrx_word' id='word_1_291' title='bbox 932 978 1026 1013; x_wconf 87' lang='lat' dir='ltr'>inter</span> <span class='ocrx_word' id='word_1_292' title='bbox 1041 978 1105 1012; x_wconf 88' lang='lat' dir='ltr'>alia</span> <span class='ocrx_word' id='word_1_293' title='bbox 1119 979 1318 1013; x_wconf 84' lang='lat' dir='ltr'>retulerunt</span> <span class='ocrx_word' id='word_1_294' title='bbox 1334 986 1367 1013; x_wconf 88' lang='lat' dir='ltr'>et</span> <span class='ocrx_word' id='word_1_295' title='bbox 1381 979 1454 1014; x_wconf 82' lang='lat' dir='ltr'>haec</span> <span class='ocrx_word' id='word_1_296' title='bbox 1467 993 1475 1014; x_wconf 79' lang='lat' dir='ltr'><em>z</em></span> <span class='ocrx_word' id='word_1_297' title='bbox 1490 994 1507 1010; x_wconf 73' lang='grc' dir='ltr'><strong><em>κ</em></strong></span> <span class='ocrx_word' id='word_1_298' title='bbox 1521 979 1611 1014; x_wconf 78' lang='lat' dir='ltr'>aedes</span> 
     </span>
     <span class='ocr_line' id='line_1_52' title="bbox 935 1025 1615 1077; baseline 0.006 -15"><span class='ocrx_word' id='word_1_299' title='bbox 935 1044 951 1059; x_wconf 77' lang='grc' dir='ltr'>ι·</span> <span class='ocrx_word' id='word_1_300' title='bbox 971 1025 1106 1063; x_wconf 72' lang='lat' dir='ltr'>Veneri</span> <span class='ocrx_word' id='word_1_301' title='bbox 1120 1030 1280 1077; x_wconf 69' lang='lat' dir='ltr'>Erycina</span> <span class='ocrx_word' id='word_1_302' title='bbox 1295 1044 1333 1065; x_wconf 86' lang='lat' dir='ltr'>ac</span> <span class='ocrx_word' id='word_1_303' title='bbox 1351 1031 1468 1066; x_wconf 84' lang='lat' dir='ltr'>Menti</span> <span class='ocrx_word' id='word_1_304' title='bbox 1482 1044 1615 1066; x_wconf 82' lang='lat' dir='ltr'>voven-</span> 
     </span>
     <span class='ocr_line' id='line_1_53' title="bbox 934 1080 1613 1129; baseline 0.003 -15"><span class='ocrx_word' id='word_1_305' title='bbox 934 1094 951 1109; x_wconf 75' lang='lat'>»</span> <span class='ocrx_word' id='word_1_306' title='bbox 969 1080 1030 1114; x_wconf 83' lang='lat' dir='ltr'>das</span> <span class='ocrx_word' id='word_1_307' title='bbox 1042 1094 1134 1121; x_wconf 85' lang='lat' dir='ltr'>esse;</span> <span class='ocrx_word' id='word_1_308' title='bbox 1152 1096 1169 1110; x_wconf 70' lang='grc' dir='ltr'><strong><em>κ</em></strong></span> <span class='ocrx_word' id='word_1_309' title='bbox 1185 1080 1320 1124; x_wconf 87' lang='lat' dir='ltr'>Livius,</span> <span class='ocrx_word' id='word_1_310' title='bbox 1339 1082 1468 1125; x_wconf 82' lang='lat' dir='ltr'>xxu,</span> <span class='ocrx_word' id='word_1_311' title='bbox 1481 1095 1512 1129; x_wconf 84' lang='lat'>9.</span> <span class='ocrx_word' id='word_1_312' title='bbox 1526 1083 1613 1116; x_wconf 84' lang='lat' dir='ltr'>Mox</span> 
     </span>
     <span class='ocr_line' id='line_1_54' title="bbox 932 1132 1613 1181; baseline 0.001 -14"><span class='ocrx_word' id='word_1_313' title='bbox 932 1132 1023 1167; x_wconf 86' lang='lat' dir='ltr'>aedes</span> <span class='ocrx_word' id='word_1_314' title='bbox 1047 1133 1112 1167; x_wconf 79' lang='lat' dir='ltr'>illae</span> <span class='ocrx_word' id='word_1_315' title='bbox 1131 1141 1219 1167; x_wconf 78' lang='lat' dir='ltr'>votae</span> <span class='ocrx_word' id='word_1_316' title='bbox 1234 1141 1327 1168; x_wconf 82' lang='lat' dir='ltr'>sunt.</span> <span class='ocrx_word' id='word_1_317' title='bbox 1346 1135 1497 1169; x_wconf 88' lang='lat' dir='ltr'>Veneris</span> <span class='ocrx_word' id='word_1_318' title='bbox 1514 1134 1613 1181; x_wconf 80' lang='lat' dir='ltr'>Ery-—</span> 
     </span>
     <span class='ocr_line' id='line_1_55' title="bbox 932 1185 1613 1230; baseline 0.003 -11"><span class='ocrx_word' id='word_1_319' title='bbox 932 1185 1020 1219; x_wconf 80' lang='lat' dir='ltr'>cinae</span> <span class='ocrx_word' id='word_1_320' title='bbox 1036 1185 1148 1220; x_wconf 83' lang='lat' dir='ltr'>aedem</span> <span class='ocrx_word' id='word_1_321' title='bbox 1164 1185 1212 1230; x_wconf 90' lang='lat' dir='ltr'>Q.</span> <span class='ocrx_word' id='word_1_322' title='bbox 1226 1186 1353 1221; x_wconf 83' lang='lat' dir='ltr'>Fabius</span> <span class='ocrx_word' id='word_1_323' title='bbox 1367 1187 1542 1222; x_wconf 82' lang='lat' dir='ltr'>Maximus</span> <span class='ocrx_word' id='word_1_324' title='bbox 1557 1188 1613 1221; x_wconf 84' lang='lat' dir='ltr'>di-</span> 
     </span>
     <span class='ocr_line' id='line_1_56' title="bbox 932 1238 1612 1281; baseline 0.004 -10"><span class='ocrx_word' id='word_1_325' title='bbox 932 1245 1046 1272; x_wconf 87' lang='lat' dir='ltr'>ctator</span> <span class='ocrx_word' id='word_1_326' title='bbox 1071 1238 1193 1281; x_wconf 86' lang='lat' dir='ltr'>vovit,</span> <span class='ocrx_word' id='word_1_327' title='bbox 1221 1238 1355 1273; x_wconf 83' lang='lat' dir='ltr'>Mentis</span> <span class='ocrx_word' id='word_1_328' title='bbox 1379 1239 1423 1274; x_wconf 89' lang='lat' dir='ltr'>T.</span> <span class='ocrx_word' id='word_1_329' title='bbox 1441 1239 1612 1274; x_wconf 88' lang='lat' dir='ltr'>Otacilius</span> 
     </span>
     <span class='ocr_line' id='line_1_57' title="bbox 933 1290 1615 1335; baseline 0.004 -12"><span class='ocrx_word' id='word_1_330' title='bbox 933 1297 1085 1335; x_wconf 74' lang='lat' dir='ltr'>praetor3</span> <span class='ocrx_word' id='word_1_331' title='bbox 1107 1291 1191 1324; x_wconf 84' lang='lat' dir='ltr'>ibid.</span> <span class='ocrx_word' id='word_1_332' title='bbox 1218 1304 1270 1326; x_wconf 85' lang='grc' dir='ltr'>ιο.</span> <span class='ocrx_word' id='word_1_333' title='bbox 1288 1290 1402 1326; x_wconf 87' lang='lat' dir='ltr'>Iidem</span> <span class='ocrx_word' id='word_1_334' title='bbox 1427 1292 1492 1326; x_wconf 79' lang='lat' dir='ltr'>viri</span> <span class='ocrx_word' id='word_1_335' title='bbox 1519 1304 1615 1326; x_wconf 89' lang='lat' dir='ltr'>anno</span> 
     </span>
     <span class='ocr_line' id='line_1_58' title="bbox 935 1342 1616 1388; baseline 0.006 -13"><span class='ocrx_word' id='word_1_336' title='bbox 935 1343 997 1388; x_wconf 86' lang='lat'>537</span> <span class='ocrx_word' id='word_1_337' title='bbox 1012 1368 1022 1386; x_wconf 92' lang='lat'>,</span> <span class='ocrx_word' id='word_1_338' title='bbox 1049 1342 1227 1377; x_wconf 82' lang='lat' dir='ltr'>duumviri</span> <span class='ocrx_word' id='word_1_339' title='bbox 1248 1344 1356 1378; x_wconf 83' lang='lat' dir='ltr'>creati</span> <span class='ocrx_word' id='word_1_340' title='bbox 1380 1351 1463 1378; x_wconf 82' lang='lat' dir='ltr'>sunt</span> <span class='ocrx_word' id='word_1_341' title='bbox 1484 1343 1616 1380; x_wconf 70' lang='lat' dir='ltr'>edibus</span> 
     </span>
     <span class='ocr_line' id='line_1_59' title="bbox 933 1394 1615 1439; baseline 0.003 -10"><span class='ocrx_word' id='word_1_342' title='bbox 933 1394 998 1429; x_wconf 83' lang='lat' dir='ltr'>illis</span> <span class='ocrx_word' id='word_1_343' title='bbox 1024 1394 1248 1437; x_wconf 83' lang='lat' dir='ltr'>dedicandis;</span> <span class='ocrx_word' id='word_1_344' title='bbox 1275 1395 1394 1431; x_wconf 87' lang='lat' dir='ltr'>Menti</span> <span class='ocrx_word' id='word_1_345' title='bbox 1418 1394 1615 1439; x_wconf 86' lang='lat' dir='ltr'>Otacilius,</span> 
     </span>
     <span class='ocr_line' id='line_1_60' title="bbox 933 1446 1616 1495; baseline -0.001 -14"><span class='ocrx_word' id='word_1_346' title='bbox 933 1446 1061 1481; x_wconf 84' lang='lat' dir='ltr'>Fabius</span> <span class='ocrx_word' id='word_1_347' title='bbox 1084 1446 1223 1482; x_wconf 88' lang='lat' dir='ltr'>Veneri</span> <span class='ocrx_word' id='word_1_348' title='bbox 1245 1446 1408 1495; x_wconf 68' lang='lat' dir='ltr'>Erycina</span> <span class='ocrx_word' id='word_1_349' title='bbox 1433 1446 1616 1482; x_wconf 82' lang='lat' dir='ltr'>dedicavit.</span> 
     </span>
     <span class='ocr_line' id='line_1_61' title="bbox 934 1498 1616 1545; baseline -0.003 -11"><span class='ocrx_word' id='word_1_350' title='bbox 934 1499 1059 1534; x_wconf 83' lang='lat' dir='ltr'>Amhae</span> <span class='ocrx_word' id='word_1_351' title='bbox 1068 1499 1105 1533; x_wconf 90' lang='lat' dir='ltr'>in</span> <span class='ocrx_word' id='word_1_352' title='bbox 1115 1498 1277 1545; x_wconf 77' lang='lat' dir='ltr'>oepitolio</span> <span class='ocrx_word' id='word_1_353' title='bbox 1287 1506 1389 1534; x_wconf 87' lang='lat' dir='ltr'>erant</span> <span class='ocrx_word' id='word_1_354' title='bbox 1397 1525 1407 1542; x_wconf 86' lang='lat'>,</span> <span class='ocrx_word' id='word_1_355' title='bbox 1420 1498 1532 1533; x_wconf 89' lang='lat' dir='ltr'>canali</span> <span class='ocrx_word' id='word_1_356' title='bbox 1543 1511 1616 1533; x_wconf 92' lang='lat' dir='ltr'>uno</span> 
     </span>
     <span class='ocr_line' id='line_1_62' title="bbox 933 1550 1615 1594; baseline -0.001 -9"><span class='ocrx_word' id='word_1_357' title='bbox 933 1550 1088 1586; x_wconf 84' lang='lat' dir='ltr'>discretae</span> <span class='ocrx_word' id='word_1_358' title='bbox 1102 1565 1112 1593; x_wconf 85' lang='lat'>;</span> <span class='ocrx_word' id='word_1_359' title='bbox 1130 1551 1248 1586; x_wconf 86' lang='lat' dir='ltr'>Livius</span> <span class='ocrx_word' id='word_1_360' title='bbox 1261 1577 1271 1594; x_wconf 88' lang='lat'>,</span> <span class='ocrx_word' id='word_1_361' title='bbox 1293 1551 1422 1586; x_wconf 85' lang='lat' dir='ltr'>XXIII</span> <span class='ocrx_word' id='word_1_362' title='bbox 1433 1577 1443 1594; x_wconf 93' lang='lat'>‚</span> <span class='ocrx_word' id='word_1_363' title='bbox 1462 1551 1515 1586; x_wconf 87' lang='lat'>31.</span> <span class='ocrx_word' id='word_1_364' title='bbox 1531 1551 1615 1585; x_wconf 85' lang='lat' dir='ltr'>Jam</span> 
     </span>
     <span class='ocr_line' id='line_1_63' title="bbox 935 1602 1617 1649; baseline -0.003 -11"><span class='ocrx_word' id='word_1_365' title='bbox 935 1603 1099 1649; x_wconf 83' lang='lat' dir='ltr'>Neapolis</span> <span class='ocrx_word' id='word_1_366' title='bbox 1112 1610 1233 1649; x_wconf 79' lang='lat' dir='ltr'>putat,</span> <span class='ocrx_word' id='word_1_367' title='bbox 1248 1602 1419 1638; x_wconf 81' lang='lat' dir='ltr'>Ovidium</span> <span class='ocrx_word' id='word_1_368' title='bbox 1437 1603 1508 1637; x_wconf 92' lang='lat' dir='ltr'>duo</span> <span class='ocrx_word' id='word_1_369' title='bbox 1522 1609 1617 1637; x_wconf 84' lang='lat' dir='ltr'>tem-</span> 
     </span>
     <span class='ocr_line' id='line_1_64' title="bbox 935 1655 1616 1701; baseline -0.001 -11"><span class='ocrx_word' id='word_1_370' title='bbox 935 1655 1146 1701; x_wconf 77' lang='lat' dir='ltr'>plaVeneris</span> <span class='ocrx_word' id='word_1_371' title='bbox 1156 1655 1506 1699; x_wconf 74' lang='lat' dir='ltr'>diversaconsudisse,</span> <span class='ocrx_word' id='word_1_372' title='bbox 1517 1656 1616 1700; x_wconf 87' lang='lat' dir='ltr'>quasi</span> 
     </span>
     <span class='ocr_line' id='line_1_65' title="bbox 935 1706 1614 1753; baseline -0.001 -11"><span class='ocrx_word' id='word_1_373' title='bbox 935 1707 1109 1753; x_wconf 85' lang='lat' dir='ltr'>templum</span> <span class='ocrx_word' id='word_1_374' title='bbox 1128 1707 1171 1742; x_wconf 92' lang='lat' dir='ltr'>ad</span> <span class='ocrx_word' id='word_1_375' title='bbox 1192 1706 1368 1743; x_wconf 89' lang='lat' dir='ltr'>Collinam</span> <span class='ocrx_word' id='word_1_376' title='bbox 1387 1715 1524 1753; x_wconf 88' lang='lat' dir='ltr'>portam</span> <span class='ocrx_word' id='word_1_377' title='bbox 1542 1709 1614 1751; x_wconf 80' lang='lat' dir='ltr'>jam</span> 
     </span>
     <span class='ocr_line' id='line_1_66' title="bbox 935 1758 1618 1804; baseline 0.003 -12"><span class='ocrx_word' id='word_1_378' title='bbox 935 1765 1095 1804; x_wconf 87' lang='lat' dir='ltr'>tempore</span> <span class='ocrx_word' id='word_1_379' title='bbox 1108 1758 1188 1793; x_wconf 85' lang='lat' dir='ltr'>belli</span> <span class='ocrx_word' id='word_1_380' title='bbox 1206 1759 1332 1793; x_wconf 88' lang='lat' dir='ltr'>Punici</span> <span class='ocrx_word' id='word_1_381' title='bbox 1347 1758 1545 1794; x_wconf 85' lang='lat' dir='ltr'>dedicatum</span> <span class='ocrx_word' id='word_1_382' title='bbox 1560 1772 1618 1794; x_wconf 90' lang='lat' dir='ltr'>es-</span> 
     </span>
     <span class='ocr_line' id='line_1_67' title="bbox 935 1810 1617 1846; baseline 0 -1"><span class='ocrx_word' id='word_1_383' title='bbox 935 1817 997 1845; x_wconf 87' lang='lat' dir='ltr'>set.</span> <span class='ocrx_word' id='word_1_384' title='bbox 1025 1810 1117 1845; x_wconf 86' lang='lat' dir='ltr'>Mihi</span> <span class='ocrx_word' id='word_1_385' title='bbox 1147 1823 1230 1845; x_wconf 87' lang='lat' dir='ltr'>vero</span> <span class='ocrx_word' id='word_1_386' title='bbox 1262 1810 1455 1845; x_wconf 82' lang='lat' dir='ltr'>distinxisse</span> <span class='ocrx_word' id='word_1_387' title='bbox 1484 1810 1617 1846; x_wconf 84' lang='lat' dir='ltr'>distin—</span> 
     </span>
     <span class='ocr_line' id='line_1_68' title="bbox 936 1861 1636 1908; baseline -0.001 -11"><span class='ocrx_word' id='word_1_388' title='bbox 936 1862 1074 1908; x_wconf 80' lang='lat' dir='ltr'>guenda</span> <span class='ocrx_word' id='word_1_389' title='bbox 1087 1862 1237 1897; x_wconf 77' lang='lat' dir='ltr'>videtur.</span> <span class='ocrx_word' id='word_1_390' title='bbox 1252 1863 1413 1897; x_wconf 88' lang='lat' dir='ltr'>Primum</span> <span class='ocrx_word' id='word_1_391' title='bbox 1428 1861 1473 1896; x_wconf 93' lang='lat' dir='ltr'>de</span> <span class='ocrx_word' id='word_1_392' title='bbox 1486 1862 1618 1907; x_wconf 84' lang='lat' dir='ltr'>templo</span> <span class='ocrx_word' id='word_1_393' title='bbox 1629 1900 1636 1903; x_wconf 52' lang='grc'><em>,</em></span> 
     </span>
     <span class='ocr_line' id='line_1_69' title="bbox 938 1912 1616 1959; baseline -0.003 -11"><span class='ocrx_word' id='word_1_394' title='bbox 938 1913 981 1948; x_wconf 89' lang='lat' dir='ltr'>ad</span> <span class='ocrx_word' id='word_1_395' title='bbox 1018 1912 1233 1948; x_wconf 83' lang='lat' dir='ltr'>Collatinam</span> <span class='ocrx_word' id='word_1_396' title='bbox 1264 1920 1403 1959; x_wconf 78' lang='lat' dir='ltr'>portam</span> <span class='ocrx_word' id='word_1_397' title='bbox 1436 1913 1592 1958; x_wconf 88' lang='lat' dir='ltr'>loquitur</span> <span class='ocrx_word' id='word_1_398' title='bbox 1607 1939 1616 1955; x_wconf 86' lang='lat'><em>‚</em></span> 
     </span>
     <span class='ocr_line' id='line_1_70' title="bbox 937 1965 1617 2011; baseline -0.001 -11"><span class='ocrx_word' id='word_1_399' title='bbox 937 1966 1065 2001; x_wconf 88' lang='lat' dir='ltr'>deinde</span> <span class='ocrx_word' id='word_1_400' title='bbox 1082 1966 1196 2001; x_wconf 86' lang='lat' dir='ltr'>obiter</span> <span class='ocrx_word' id='word_1_401' title='bbox 1219 1966 1263 2000; x_wconf 89' lang='lat' dir='ltr'>de</span> <span class='ocrx_word' id='word_1_402' title='bbox 1285 1966 1399 2011; x_wconf 87' lang='lat' dir='ltr'>prima</span> <span class='ocrx_word' id='word_1_403' title='bbox 1420 1966 1511 2001; x_wconf 88' lang='lat' dir='ltr'>illius</span> <span class='ocrx_word' id='word_1_404' title='bbox 1530 1965 1617 2000; x_wconf 83' lang='lat' dir='ltr'>Deae</span> 
     </span>
     <span class='ocr_line' id='line_1_71' title="bbox 937 2018 1619 2061; baseline -0.003 -8"><span class='ocrx_word' id='word_1_405' title='bbox 937 2018 1175 2061; x_wconf 80' lang='lat' dir='ltr'>translatione.</span> <span class='ocrx_word' id='word_1_406' title='bbox 1208 2018 1280 2054; x_wconf 88' lang='lat' dir='ltr'>Sed</span> <span class='ocrx_word' id='word_1_407' title='bbox 1312 2026 1347 2053; x_wconf 86' lang='lat' dir='ltr'>et</span> <span class='ocrx_word' id='word_1_408' title='bbox 1372 2018 1459 2053; x_wconf 90' lang='lat' dir='ltr'>alius</span> <span class='ocrx_word' id='word_1_409' title='bbox 1490 2018 1619 2053; x_wconf 87' lang='lat' dir='ltr'>erroris</span> 
     </span>
     <span class='ocr_line' id='line_1_72' title="bbox 939 2070 1619 2118; baseline 0.001 -13"><span class='ocrx_word' id='word_1_410' title='bbox 939 2070 1111 2106; x_wconf 82' lang='lat' dir='ltr'>Ovidium</span> <span class='ocrx_word' id='word_1_411' title='bbox 1126 2072 1290 2118; x_wconf 84' lang='lat' dir='ltr'>Neapolis</span> <span class='ocrx_word' id='word_1_412' title='bbox 1311 2072 1476 2117; x_wconf 81' lang='lat' dir='ltr'>coarguit.</span> <span class='ocrx_word' id='word_1_413' title='bbox 1499 2072 1619 2106; x_wconf 90' lang='lat' dir='ltr'>Tem-</span> 
     </span>
     <span class='ocr_line' id='line_1_73' title="bbox 938 2123 1615 2170; baseline 0 -12"><span class='ocrx_word' id='word_1_414' title='bbox 938 2123 1037 2168; x_wconf 84' lang='lat' dir='ltr'>plum</span> <span class='ocrx_word' id='word_1_415' title='bbox 1063 2125 1240 2170; x_wconf 82' lang='lat' dir='ltr'>antiquius</span> <span class='ocrx_word' id='word_1_416' title='bbox 1264 2138 1359 2160; x_wconf 88' lang='lat' dir='ltr'>anno</span> <span class='ocrx_word' id='word_1_417' title='bbox 1386 2125 1448 2170; x_wconf 87' lang='lat'>537</span> <span class='ocrx_word' id='word_1_418' title='bbox 1473 2124 1615 2159; x_wconf 85' lang='lat' dir='ltr'>dedica-</span> 
     </span>
     <span class='ocr_line' id='line_1_74' title="bbox 939 2176 1620 2225; baseline 0.001 -15"><span class='ocrx_word' id='word_1_419' title='bbox 939 2182 1017 2210; x_wconf 78' lang='lat' dir='ltr'>tum</span> <span class='ocrx_word' id='word_1_420' title='bbox 1029 2184 1100 2219; x_wconf 85' lang='lat' dir='ltr'>est;</span> <span class='ocrx_word' id='word_1_421' title='bbox 1118 2176 1179 2212; x_wconf 85' lang='lat' dir='ltr'>sed</span> <span class='ocrx_word' id='word_1_422' title='bbox 1192 2179 1366 2225; x_wconf 75' lang='lat' dir='ltr'>Syracusa</span> <span class='ocrx_word' id='word_1_423' title='bbox 1376 2189 1471 2212; x_wconf 87' lang='lat' dir='ltr'>anno</span> <span class='ocrx_word' id='word_1_424' title='bbox 1486 2179 1550 2221; x_wconf 80' lang='grc'>540</span> <span class='ocrx_word' id='word_1_425' title='bbox 1561 2176 1620 2211; x_wconf 87' lang='lat' dir='ltr'>de-</span> 
     </span>
     <span class='ocr_line' id='line_1_75' title="bbox 940 2229 1619 2274; baseline 0.003 -12"><span class='ocrx_word' id='word_1_426' title='bbox 940 2241 1040 2262; x_wconf 88' lang='lat' dir='ltr'>mum</span> <span class='ocrx_word' id='word_1_427' title='bbox 1064 2241 1084 2262; x_wconf 89' lang='lat' dir='ltr'>a</span> <span class='ocrx_word' id='word_1_428' title='bbox 1111 2231 1254 2264; x_wconf 78' lang='lat' dir='ltr'>Claudio</span> <span class='ocrx_word' id='word_1_429' title='bbox 1284 2229 1454 2265; x_wconf 83' lang='lat' dir='ltr'>Marcello</span> <span class='ocrx_word' id='word_1_430' title='bbox 1482 2237 1592 2274; x_wconf 82' lang='lat' dir='ltr'>captae</span> <span class='ocrx_word' id='word_1_431' title='bbox 1608 2243 1619 2270; x_wconf 86' lang='lat'>;</span> 
     </span>
     <span class='ocr_line' id='line_1_76' title="bbox 941 2280 1620 2325; baseline 0.004 -11"><span class='ocrx_word' id='word_1_432' title='bbox 941 2280 1077 2323; x_wconf 82' lang='lat' dir='ltr'>Livius,</span> <span class='ocrx_word' id='word_1_433' title='bbox 1099 2281 1229 2325; x_wconf 87' lang='lat' dir='ltr'>XXV,</span> <span class='ocrx_word' id='word_1_434' title='bbox 1249 2282 1304 2316; x_wconf 89' lang='lat'>31.</span> <span class='ocrx_word' id='word_1_435' title='bbox 1319 2282 1479 2316; x_wconf 76' lang='lat' dir='ltr'>Fortasse</span> <span class='ocrx_word' id='word_1_436' title='bbox 1498 2289 1620 2317; x_wconf 79' lang='lat' dir='ltr'>tamen</span> 
     </span>
     <span class='ocr_line' id='line_1_77' title="bbox 941 2331 1621 2379; baseline 0.003 -13"><span class='ocrx_word' id='word_1_437' title='bbox 941 2331 1071 2366; x_wconf 83' lang='lat' dir='ltr'>Noster</span> <span class='ocrx_word' id='word_1_438' title='bbox 1086 2358 1096 2374; x_wconf 88' lang='lat'>‚</span> <span class='ocrx_word' id='word_1_439' title='bbox 1124 2345 1223 2367; x_wconf 86' lang='lat' dir='ltr'>more</span> <span class='ocrx_word' id='word_1_440' title='bbox 1248 2341 1434 2379; x_wconf 84' lang='lat' dir='ltr'>poetarum</span> <span class='ocrx_word' id='word_1_441' title='bbox 1450 2360 1460 2377; x_wconf 90' lang='lat'>,</span> <span class='ocrx_word' id='word_1_442' title='bbox 1485 2347 1503 2368; x_wconf 88' lang='lat' dir='ltr'>a</span> <span class='ocrx_word' id='word_1_443' title='bbox 1520 2341 1621 2379; x_wconf 83' lang='lat' dir='ltr'>parte</span> 
     </span>
     <span class='ocr_line' id='line_1_78' title="bbox 941 2382 1620 2421; baseline 0.004 -4"><span class='ocrx_word' id='word_1_444' title='bbox 941 2382 1073 2417; x_wconf 86' lang='lat' dir='ltr'>bellum</span> <span class='ocrx_word' id='word_1_445' title='bbox 1098 2383 1272 2419; x_wconf 84' lang='lat' dir='ltr'>Punicum</span> <span class='ocrx_word' id='word_1_446' title='bbox 1296 2385 1492 2421; x_wconf 85' lang='lat' dir='ltr'>secundum</span> <span class='ocrx_word' id='word_1_447' title='bbox 1517 2385 1620 2420; x_wconf 82' lang='lat' dir='ltr'>indi-</span> 
     </span>
     <span class='ocr_line' id='line_1_79' title="bbox 941 2435 1623 2483; baseline 0.004 -13"><span class='ocrx_word' id='word_1_448' title='bbox 941 2448 1019 2470; x_wconf 87' lang='lat' dir='ltr'>care</span> <span class='ocrx_word' id='word_1_449' title='bbox 1035 2435 1153 2471; x_wconf 81' lang='lat' dir='ltr'>voluit.</span> <span class='ocrx_word' id='word_1_450' title='bbox 1167 2454 1213 2461; x_wconf 95' lang='lat'><em>—</em></span> <span class='ocrx_word' id='word_1_451' title='bbox 1232 2438 1377 2479; x_wconf 79' lang='lat' dir='ltr'>Tenent,</span> <span class='ocrx_word' id='word_1_452' title='bbox 1396 2451 1461 2483; x_wconf 84' lang='lat' dir='ltr'>pro</span> <span class='ocrx_word' id='word_1_453' title='bbox 1477 2445 1567 2474; x_wconf 78' lang='lat' dir='ltr'>tenet</span> <span class='ocrx_word' id='word_1_454' title='bbox 1579 2451 1623 2473; x_wconf 82' lang='lat' dir='ltr'>ex</span> 
     </span>
     <span class='ocr_line' id='line_1_80' title="bbox 941 2487 1624 2535; baseline 0.004 -14"><span class='ocrx_word' id='word_1_455' title='bbox 941 2487 1108 2533; x_wconf 84' lang='lat' dir='ltr'>plurimis.</span> <span class='ocrx_word' id='word_1_456' title='bbox 1125 2506 1171 2513; x_wconf 91' lang='grc'>--</span> <span class='ocrx_word' id='word_1_457' title='bbox 1185 2489 1341 2524; x_wconf 80' lang='lat' dir='ltr'>Abstulit</span> <span class='ocrx_word' id='word_1_458' title='bbox 1352 2516 1363 2530; x_wconf 91' lang='lat'>‚</span> <span class='ocrx_word' id='word_1_459' title='bbox 1389 2490 1481 2535; x_wconf 86' lang='lat' dir='ltr'>cepit</span> <span class='ocrx_word' id='word_1_460' title='bbox 1499 2497 1535 2528; x_wconf 75' lang='lat' dir='ltr'>et</span> <span class='ocrx_word' id='word_1_461' title='bbox 1553 2491 1624 2525; x_wconf 88' lang='lat' dir='ltr'>mi-</span> 
     </span>
     <span class='ocr_line' id='line_1_81' title="bbox 945 2538 1623 2588; baseline 0.007 -16"><span class='ocrx_word' id='word_1_462' title='bbox 945 2539 997 2572; x_wconf 89' lang='lat' dir='ltr'>liti</span> <span class='ocrx_word' id='word_1_463' title='bbox 1007 2538 1218 2584; x_wconf 79' lang='lat' dir='ltr'>diripiendas</span> <span class='ocrx_word' id='word_1_464' title='bbox 1225 2539 1497 2588; x_wconf 63' lang='lat' dir='ltr'>dedit—Etyxe</span> <span class='ocrx_word' id='word_1_465' title='bbox 1506 2542 1623 2587; x_wconf 85' lang='lat' dir='ltr'>primo</span> 
     </span>
     <span class='ocr_line' id='line_1_82' title="bbox 943 2591 1623 2640; baseline 0.006 -14"><span class='ocrx_word' id='word_1_466' title='bbox 943 2592 1093 2640; x_wconf 80' lang='lat' dir='ltr'>maxime</span> <span class='ocrx_word' id='word_1_467' title='bbox 1104 2591 1195 2626; x_wconf 88' lang='lat' dir='ltr'>bello</span> <span class='ocrx_word' id='word_1_468' title='bbox 1205 2600 1310 2628; x_wconf 84' lang='lat' dir='ltr'>notus</span> <span class='ocrx_word' id='word_1_469' title='bbox 1321 2607 1330 2635; x_wconf 92' lang='lat'>;</span> <span class='ocrx_word' id='word_1_470' title='bbox 1348 2593 1430 2628; x_wconf 85' lang='lat' dir='ltr'>inde</span> <span class='ocrx_word' id='word_1_471' title='bbox 1441 2594 1538 2632; x_wconf 80' lang='lat' dir='ltr'>enim</span> <span class='ocrx_word' id='word_1_472' title='bbox 1551 2595 1623 2630; x_wconf 86' lang='lat' dir='ltr'>Ha·</span> 
     </span>
     <span class='ocr_line' id='line_1_83' title="bbox 943 2642 1622 2689; baseline 0.003 -12"><span class='ocrx_word' id='word_1_473' title='bbox 943 2643 1065 2678; x_wconf 86' lang='lat' dir='ltr'>milcar</span> <span class='ocrx_word' id='word_1_474' title='bbox 1079 2642 1279 2688; x_wconf 48' lang='lat' dir='ltr'>presidium</span> <span class='ocrx_word' id='word_1_475' title='bbox 1295 2670 1307 2689; x_wconf 90' lang='lat'>,</span> <span class='ocrx_word' id='word_1_476' title='bbox 1330 2643 1426 2689; x_wconf 82' lang='lat' dir='ltr'>quod</span> <span class='ocrx_word' id='word_1_477' title='bbox 1447 2644 1492 2679; x_wconf 90' lang='lat' dir='ltr'>ibi</span> <span class='ocrx_word' id='word_1_478' title='bbox 1519 2645 1622 2680; x_wconf 84' lang='lat' dir='ltr'>clau-</span> 
     </span>
     <span class='ocr_line' id='line_1_84' title="bbox 943 2693 1622 2738; baseline 0.001 -10"><span class='ocrx_word' id='word_1_479' title='bbox 943 2706 1022 2729; x_wconf 84' lang='lat' dir='ltr'>sum</span> <span class='ocrx_word' id='word_1_480' title='bbox 1036 2721 1046 2737; x_wconf 89' lang='lat'>,</span> <span class='ocrx_word' id='word_1_481' title='bbox 1061 2693 1236 2730; x_wconf 70' lang='lat' dir='ltr'>deducere</span> <span class='ocrx_word' id='word_1_482' title='bbox 1251 2702 1390 2730; x_wconf 83' lang='lat' dir='ltr'>coactus</span> <span class='ocrx_word' id='word_1_483' title='bbox 1400 2695 1535 2738; x_wconf 56' lang='lat' dir='ltr'>suetan</span> <span class='ocrx_word' id='word_1_484' title='bbox 1554 2696 1622 2729; x_wconf 83' lang='lat' dir='ltr'>Li-</span> 
     </span>
    </p>
   </div>
   <div class='ocr_carea' id='block_1_8' title="bbox 944 2742 1686 2794">
    <p class='ocr_par' dir='ltr' id='par_1_10' title="bbox 944 2742 1686 2794">
     <span class='ocr_line' id='line_1_85' title="bbox 944 2742 1686 2794; baseline 0.004 -13"><span class='ocrx_word' id='word_1_485' title='bbox 944 2747 1019 2794; x_wconf 75' lang='lat' dir='ltr'>vius</span> <span class='ocrx_word' id='word_1_486' title='bbox 1032 2773 1041 2789; x_wconf 92' lang='lat'>,</span> <span class='ocrx_word' id='word_1_487' title='bbox 1059 2747 1148 2782; x_wconf 88' lang='lat' dir='ltr'>XXI</span> <span class='ocrx_word' id='word_1_488' title='bbox 1163 2772 1173 2790; x_wconf 91' lang='lat'>,</span> <span class='ocrx_word' id='word_1_489' title='bbox 1194 2761 1255 2790; x_wconf 84' lang='grc' dir='ltr'>ιο,</span> <span class='ocrx_word' id='word_1_490' title='bbox 1274 2748 1426 2792; x_wconf 76' lang='lat' dir='ltr'>41.--De</span> <span class='ocrx_word' id='word_1_491' title='bbox 1440 2749 1623 2785; x_wconf 49' lang='lat' dir='ltr'>maci-Si·-</span> <span class='ocrx_word' id='word_1_492' title='bbox 1682 2742 1686 2745; x_wconf 90' lang='lat'>.</span> 
     </span>
    </p>
   </div>
  </div>
 </body>
</html>
