1826 3054
526 260 910 306 FASTORUM
949 260 1064 303 LIB
1126 260 1195 302 II.

225 359 319 407 Aut
342 357 443 424 quia
460 356 726 423 principium
750 367 822 412 tu.
846 355 961 411 Dea,
985 353 1095 403 lucis
1117 353 1268 402 habes.

1492 260 1570 302 123

1507 367 1575 412 450

161 436 295 484 Parce
308 473 321 493 ,
341 440 523 502 precor,
547 433 759 497 gravidis,
778 431 920 481 facilis
940 431 1107 480 Lucina
1120 468 1133 489 ‚
1158 429 1345 497 puellis;

224 514 537 579 Maturumque
561 523 688 560 utero
708 509 901 560 molliter
920 508 1028 559 effer
1050 527 1176 557 onus.

162 591 297 638 ORTA
318 589 409 638 dies
431 589 563 638 fuerit
581 609 591 637 :
613 601 661 637 tu
683 588 832 637 desine
860 587 1033 636 credere
1055 586 1222 643 ventis;

224 666 421 714 Perdidit
444 665 563 714 illius
589 666 800 732 temporis
820 683 924 714 aura
947 663 1090 712 fidem.

158 743 355 792 Flamina
376 762 469 790 non
491 754 697 791 constant
717 762 727 790 :
754 754 797 791 et
817 761 892 791 sex
913 753 1103 792 reserata
1124 740 1284 789 diebus

1510 750 1577 797 455

226 822 422 870 Carceris
444 819 580 869 AEolii
601 820 731 885 janua
754 819 850 869 laxa
872 830 1007 886 patet.

159 900 189 947 J
194 913 262 948 AM
285 898 393 947 levis
414 898 597 966 obliqua
618 897 811 947 subsidit
834 897 1056 963 Aquarius
1078 913 1215 953 urna3

224 977 457 1025 Proximus
480 976 683 1024 aetherios
707 975 858 1041 excipe
873 1012 888 1033 ,
909 974 1050 1024 Piscis
1064 1011 1076 1031 ‚
1102 991 1258 1039 equos.

160 1054 224 1102 Te
246 1064 513 1110 memorant,
538 1053 803 1118 fiatremque
827 1064 952 1101 tuum
965 1089 977 1110 ‚
997 1071 1099 1101 nam
1118 1051 1271 1116 juncta
1286 1047 1457 1097 micatis

228 1130 383 1191 Signa,
408 1129 519 1176 duos
543 1141 669 1191 tergo
690 1127 951 1178 sustinuisse
974 1129 1109 1177 Deos.

1516 1138 1583 1184 460

163 1205 424 1254 Terribilem
448 1206 670 1272 quondam
690 1205 866 1268 fugiens
887 1205 1106 1272 Typhona
1126 1204 1293 1261 Dione,

227 1286 355 1332 Tunc
379 1303 515 1350 quum
537 1303 620 1350 pro
641 1283 746 1332 caelo
766 1283 944 1350 Jupiter
962 1302 1079 1332 arma
1104 1282 1233 1340 tulit,

166 1361 299 1409 Venit
320 1361 375 1409 ad
395 1361 668 1428 Euphratem
690 1361 896 1410 comitata
921 1360 1143 1427 Cupidine
1161 1378 1297 1427 parvo
1312 1395 1325 1417 ‚

163 1469 393 1515 plenilunium
404 1469 567 1505 mulieres
579 1469 741 1505 facillime
756 1482 834 1515 pro·

162 1523 231 1558 lem
256 1523 342 1558 eniti
360 1522 599 1559 crederentur.
620 1543 664 1549 —
678 1525 804 1559 Puella
819 1549 828 1564 .

162 1583 291 1621 nuptae.

203 1627 276 1670 453.
306 1628 482 1662 γυναῖκα
503 1630 732 1662 &constantia
753 1625 836 1662 iude

160 1678 203 1713 ab
219 1677 345 1713 eodem
357 1678 412 1714 die
425 1707 435 1723 ,
452 1692 523 1724 quo
532 1679 743 1724 Lupercalia.
753 1679 835 1714 Pli-

160 1730 237 1765 nius
249 1757 258 1773 ,
278 1731 325 1765 H.
342 1731 385 1766 N.
400 1731 527 1767 XVIII
540 1757 550 1774 ,
567 1731 610 1766 65
627 1744 635 1765 :
653 1732 743 1766 XIV
757 1732 836 1766 Kal.

158 1783 283 1816 Martii
292 1785 435 1817 triduum
445 1787 546 1823 varis,
560 1783 630 1819 scil.
639 1784 732 1818 varia
744 1790 837 1819 tem-

160 1842 280 1880 pestes.
298 1854 342 1861 —
355 1836 449 1871 Libri
467 1844 535 1870 tres
560 1843 696 1872 veteres
709 1838 837 1880 prodi-

160 1889 338 1931 dilfidem.
355 1887 449 1932 quod
463 1888 611 1922 Heinsio
626 1901 698 1922 non
719 1889 837 1924 minus

161 1937 298 1983 elegans
312 1938 504 1974 videbatur.
523 1939 597 1984 Ego
612 1939 758 1985 praesero
778 1939 835 1974 al-

164 1997 288 2024 terum.
303 1993 558 2036 R-oderefidem
578 1999 647 2036 est,
663 2005 737 2031 non
753 2006 836 2029 ser-

163 2055 242 2076 vare
260 2042 366 2077 fidem
378 2042 506 2079 datam.
521 2044 596 2090 Qui
606 2044 640 2079 id
650 2045 773 2090 sapius
785 2045 838 2080 sa·

160 2094 208 2129 cit
219 2121 229 2137 ,
247 2094 274 2128 is
280 2097 393 2137 perdit
394 2097 520 2140 fidem,
545 2108 620 2130 non
640 2097 789 2142 amplius
804 2098 838 2134 ei

160 2151 307 2183 creditur
315 2160 326 2189 ;
338 2161 414 2193 quae
423 2149 520 2183 notio
530 2148 564 2184 h.
575 2149 595 2183 Ι.
604 2150 735 2194 optime
743 2162 837 2186 con-

161 2201 267 2235 venit.
281 2220 325 2226 —
342 2203 466 2236 Can-er
477 2203 626 2242 AEolisas,
647 2210 790 2238 autrum
800 2203 839 2238 in

164 2267 233 2299 quo
247 2255 342 2289 venti
355 2281 365 2298 ,
384 2255 488 2289 AEolo
500 2255 709 2300 imperante,
726 2256 841 2292 inclu-

162 2306 209 2349 si,
226 2313 261 2341 et
272 2307 308 2341 in
323 2306 416 2351 quod
427 2334 437 2350 ,
458 2314 636 2353 tamquam
661 2309 696 2342 in
714 2321 839 2343 cance-

162 2370 253 2400 rem,
268 2371 287 2392 a
302 2358 391 2393 Jove
405 2358 561 2394 damnati
571 2366 664 2395 sunt.
675 2359 838 2403 Ovidius,

162 2412 215 2448 lv
233 2412 380 2447 Metam.
393 2413 459 2447 662
474 2426 483 2448 ε
501 2429 517 2443 «
539 2413 720 2449 Clauserat
739 2415 839 2460 Hip-

164 2478 183 2494 »
196 2463 338 2508 potades
353 2472 488 2499 eterno
507 2478 643 2502 carcere
662 2473 805 2509 ventos,
822 2482 839 2495 »ι

163 2515 222 2550 ubi
236 2516 313 2551 vide
324 2519 543 2552 noc—Lau
554 2531 618 2564 pro
633 2521 706 2553 lata
718 2532 758 2552 ex
769 2532 839 2553 uno

164 2566 327 2602 Ambroe.
340 2575 376 2603 et
385 2568 572 2614 Gottorph.
592 2570 759 2605 Heinsius
775 2570 840 2604 de-

165 2618 226 2654 dit.
248 2620 340 2655 Vide
360 2621 476 2656 Benu.
496 2622 539 2659 ad
555 2623 748 2659 Horatium
762 2624 840 2658 Art.

166 2670 266 2704 Poet.
279 2683 354 2717 ²09-
363 2691 408 2698 —
416 2674 688 2717 Reseratapatet‚
704 2673 842 2720 plenius

166 2735 284 2766 quam,
298 2729 402 2767 patet.

208 2775 372 2820 457-474.
389 2776 538 2821 Aquarii
545 2790 688 2814 occasus
702 2782 736 2812 et
753 2778 842 2813 Solis

897 1473 1068 1514 &gressus
1081 1472 1119 1504 in
1137 1470 1292 1504 Piscium
1309 1470 1458 1512 signa,
1485 1466 1585 1510 cujus

898 1526 994 1567 signi
1004 1526 1099 1567 origo
1113 1528 1279 1557 narrum.
1294 1539 1341 1549 -·
1357 1522 1472 1561 lem,
1502 1520 1583 1565 quia

901 1575 1063 1621 aquarius
1080 1574 1238 1620 juvenis,
1266 1574 1306 1617 I,
1329 1573 1408 1608 65².
1433 1592 1479 1599 —
1499 1573 1583 1607 Ur·-

901 1640 986 1663 nam
1008 1634 1106 1663 tenet
1128 1629 1313 1671 obliqua,
1332 1632 1371 1660 ut
1390 1638 1480 1671 aqua
1497 1624 1581 1660 inde

899 1679 1044 1715 effluere
1063 1678 1179 1724 possit.
1201 1697 1246 1704 —
1260 1677 1377 1713 Pisces
1405 1676 1478 1711 duo
1487 1677 1582 1721 jun-

896 1736 1022 1776 gantur
1037 1730 1133 1766 nodo
1152 1730 1236 1773 illo,
1260 1730 1320 1775 qui
1340 1733 1507 1773 σύιδισμος
1524 1735 1586 1765 τῶν

903 1786 1016 1827 ἰχθύων
1029 1789 1185 1825 vocatur,
1199 1789 1248 1826 et,
1255 1781 1337 1827 quia
1348 1781 1455 1816 totius
1465 1781 1583 1827 spha-

902 1848 949 1872 τε
963 1849 1036 1871 esse
1053 1835 1257 1877 videbatur,
1269 1834 1311 1870 ab
1330 1834 1442 1869 Arato
1459 1837 1586 1870 σύνδεσ-

902 1903 959 1931 μος
974 1888 1162 1935 ὑπευμὶιιος,
1176 1898 1195 1920 a
1214 1884 1290 1921 Cic.
1303 1887 1412 1920 nodus
1426 1887 1587 1920 cea-sm.

901 1938 1035 1986 Hygin-
1047 1939 1087 1976 P.
1102 1938 1147 1973 A.
1163 1938 1233 1980 111,
1246 1950 1300 1985 ²9·
1312 1936 1368 1972 De
1381 1936 1586 1971 nominibus

901 2005 1026 2028 eorum
1042 1992 1122 2027 vide
1140 1992 1196 2027 Ill
1206 2018 1217 2034 ,
1235 1993 1311 2035 4⁰²·
1327 1990 1497 2026 Fabulam
1511 2003 1586 2036 seq.

903 2045 1036 2092 Hygin.
1054 2045 1096 2080 P.
1119 2043 1163 2078 A.
1180 2044 1217 2079 ΙΙ
1228 2068 1240 2087 ,
1255 2044 1318 2086 30,
1330 2056 1372 2077 ex
1386 2042 1586 2089 Diogenen

903 2097 1089 2145 Erythraeo
1096 2096 1258 2132 similiter
1265 2095 1500 2132 resen-cmiter
1507 2109 1588 2133 nar-

902 2156 958 2185 rat
973 2149 1092 2185 Schnl.
1102 2149 1304 2184 Germanic.
1316 2162 1349 2194 p.
1371 2162 1383 2182 ι
1394 2163 1443 2183 η.

947 2202 1023 2245 451.
1039 2201 1095 2238 De
1116 2203 1274 2248 Typhone
1282 2201 1353 2236 scil.
1370 2201 1515 2248 Typhoe
1531 2200 1585 2247 gi-

904 2260 1007 2298 gante
1023 2252 1092 2288 vid.
1107 2253 1164 2289 111
1181 2253 1330 2288 Metam.
1343 2252 1431 2293 303;
1447 2252 1500 2294 V,
1518 2252 1581 2286 321

903 2317 967 2348 sqq
979 2330 989 2347 ,
1002 2303 1061 2338 ubi
1071 2304 1216 2340 emimus
1230 2304 1303 2339 ima
1313 2303 1365 2338 de
1381 2303 1465 2338 sede
1483 2310 1588 2338 terre

903 2363 1047 2392 cunctos
1063 2357 1160 2392 Dem
1177 2358 1215 2392 in
1230 2357 1352 2403 sugam
1371 2356 1477 2391 vertit
1487 2383 1499 2400 ,
1523 2363 1559 2391 et
1573 2382 1584 2399 ,

905 2422 1015 2454 quum
1026 2410 1066 2445 in
1086 2408 1281 2456 AEgyptum
1296 2422 1405 2454 usque
1420 2421 1481 2443 eos
1495 2421 1585 2454 per-

904 2470 1044 2498 secutus
1058 2470 1165 2506 esset,
1183 2461 1301 2499 effecit
1314 2489 1325 2506 ,
1352 2469 1392 2497 ut
1409 2462 1587 2498 variarum

905 2514 1140 2549 animantium
1159 2514 1289 2561 figuras
1299 2521 1496 2557 sumerent,
1510 2513 1588 2548 Ve-

905 2579 972 2602 nus
989 2566 1080 2612 pisce
1093 2566 1342 2602 laterae-Pto
1348 2568 1440 2601 ecla.
1452 2565 1589 2611 Gigan-

906 2627 958 2654 tes
964 2619 1060 2654 enim
1068 2618 1277 2655 affectabant
1283 2619 1415 2654 celeste
1425 2631 1585 2664 regnum.

904 2673 1139 2715 —Eupheates
1145 2672 1477 2706 vocaturpalaestma
1486 2683 1587 2715 qne.

905 2724 986 2769 quia
1004 2724 1143 2771 Syriam
1160 2723 1275 2767 alluit,
1291 2724 1391 2768 cujus
1406 2736 1485 2769 pais
1500 2722 1586 2756 olim

907 2778 1100 2814 Palaestina.
1117 2778 1248 2825 Hygia.
1263 2777 1296 2813 d.
1315 2777 1335 2812 l.
1353 2792 1371 2808 σι
1393 2777 1431 2811 iu
1445 2775 1587 2823 Syriam
