1826 3054
230 194 314 237 312

599 197 651 240 P.
696 197 934 244 ovlnll
981 198 1284 247 NASONIS

294 288 386 336 Nec
408 286 471 336 sic
492 307 738 339 marmoreo
763 290 901 358 pallet
919 291 1075 343 adusta
1097 292 1223 356 gelu;

226 364 483 428 Quantum,
509 366 547 414 si
570 367 743 416 culmos
764 369 897 418 Titan
920 369 1139 420 incalfacit
1161 370 1290 421 udos.

288 441 404 492 Tum
428 440 553 493 locus
573 455 641 494 est
662 445 763 504 irae,
787 445 899 496 Diva
922 447 1142 506 timenda,
1171 459 1268 497 tuae.

1581 474 1650 511 920

224 517 384 578 Parce,
408 539 591 588 precor,
616 510 884 591 scabrasque
906 543 1063 573 manus
1081 544 1106 574 a
1128 525 1348 574 messibus
1365 525 1510 584 aufem

288 598 406 646 Neve
428 617 538 647 noce
561 598 693 649 cultis
712 620 722 648 :
744 619 875 668 posse
897 620 1055 651 nocere
1078 614 1146 651 sat
1166 614 1247 652 est.

223 675 315 725 Nec
340 687 510 726 teneras
533 689 730 741 segetes,
755 679 834 728 sed
855 678 1014 729 durum
1041 691 1216 731 contere
1237 680 1402 730 serrum
1422 700 1434 730 z

287 755 512 822 Quodque
532 768 683 823 potest
702 755 814 806 alios
837 757 1019 825 perdere
1032 795 1045 815 ,
1070 757 1205 824 perde
1222 758 1359 826 prior.

221 830 389 881 Utilius
413 831 608 896 gladios,
629 847 675 884 et
700 834 784 884 tela
806 835 1013 885 nocentia
1034 854 1216 903 carpes:
1579 850 1647 895 925

284 909 361 958 Nil
386 930 502 978 opus
525 924 592 961 est
615 912 703 962 illis
724 933 734 961 ε
757 914 845 963 otia
868 913 1063 963 mundus
1086 925 1201 977 agat.

221 986 400 1036 Sarcnla
422 1007 539 1037 nunc
553 1027 566 1047 ,
591 988 819 1057 durusque
839 990 999 1039 bidens
1013 1027 1026 1048 ,
1050 1002 1095 1041 et
1118 1010 1270 1040 vomer
1291 990 1517 1048 aduncus,

218 1097 255 1126 et
268 1090 402 1127 viderat
418 1090 514 1127 idem
530 1092 602 1138 ipse
619 1106 667 1128 vs.
681 1093 766 1129 318:
780 1107 797 1123 ι
809 1093 903 1129 Om-

220 1157 239 1174 ›·
255 1144 314 1178 nia
329 1150 519 1180 ventorum
537 1157 748 1181 concurrere
763 1146 880 1191 praelia
891 1173 902 1191 ,

220 1208 240 1226 υ
258 1194 352 1241 Qun
379 1195 557 1241 gravidam
586 1195 652 1231 late
678 1203 834 1243 segetem
858 1197 901 1232 ab

216 1261 236 1279 κ
254 1247 428 1284 radicibus
448 1248 526 1284 imis
546 1248 704 1285 sublime
723 1251 901 1297 expulsam

218 1315 238 1331 ›-
255 1301 424 1336 eruerint.
451 1320 494 1328 —
514 1301 616 1336 Urere
640 1301 683 1336 de
706 1301 834 1348 frigore
856 1303 874 1339 1
886 1330 897 1347 ‚

215 1353 284 1389 680
300 1378 310 1397 ,
338 1353 375 1389 in
401 1353 561 1400 precibus
584 1354 754 1391 similibus
772 1382 782 1399 ,
812 1370 898 1402 quas

216 1419 298 1442 cum
313 1405 366 1442 bis
376 1406 544 1442 conseras.
556 1406 664 1443 Unde
679 1407 810 1443 malum
828 1409 898 1443 fru-

215 1458 316 1505 gibus
331 1457 460 1504 frigore
477 1458 612 1494 illatum
629 1466 665 1495 et
680 1462 782 1494 uredo
802 1459 896 1496 dici-

215 1512 568 1546 tur.—Mamooe1un
584 1518 728 1557 propter
740 1512 896 1549 colorem

214 1563 333 1599 album
346 1562 483 1609 pruina
492 1589 503 1608 ,
519 1569 554 1599 et
566 1563 898 1600 niveum—Pallen.-

213 1615 258 1650 de
273 1613 390 1651 colore
407 1613 517 1658 flavo,
538 1626 644 1660 quem
662 1614 808 1657 trahunt
821 1615 897 1650 sru-

214 1681 273 1714 ges
288 1667 416 1714 frigore
433 1678 578 1707 morsae;
598 1665 636 1708 Ι,
659 1666 745 1709 688,
769 1665 813 1702 de
832 1665 897 1702 hac

213 1720 373 1767 robigine
391 1747 401 1764 ,
426 1734 444 1750 σι
468 1719 543 1756 Nec
567 1718 652 1754 vitio
673 1718 747 1754 celi
772 1718 898 1765 palleat

212 1786 231 1803 ν
249 1761 340 1819 agra
356 1783 464 1819 seges.
475 1785 494 1802 »
504 1788 549 1797 —
562 1767 742 1805 sicul-os
756 1776 821 1806 etc.
841 1770 896 1817 ip-

212 1839 287 1862 sam
313 1825 512 1871 robiginem
535 1822 711 1869 intellige;
734 1822 893 1867 Plinius,

214 1877 343 1916 xvln
356 1903 367 1921 ,
386 1876 454 1919 68,
470 1876 492 1912 3
507 1887 516 1910 :
534 1888 552 1905 α
571 1873 736 1920 Plerique
754 1872 892 1918 dixere,

212 1949 230 1963 n
248 1942 368 1966 rorem
384 1929 542 1965 inustum
558 1926 630 1963 sole
650 1926 719 1961 acri
738 1925 894 1972 frugibus

212 1998 231 2014 n
247 1982 415 2030 rubiginis
429 1992 568 2018 causam
579 1992 652 2016 esse
662 2004 672 2022 ,
689 1985 726 2013 et
741 1979 895 2014 carbun-

211 2051 229 2067 ι·
246 2035 314 2072 culi
332 2034 480 2070 vitibus:
495 2031 592 2080 quod
607 2038 756 2079 exparte
767 2030 891 2067 salsum
942 2071 946 2073 ,

212 2103 231 2119 »ι
247 2086 399 2123 arbitror
418 2112 429 2130 ,
459 2096 675 2130 omnemque
705 2082 891 2119 uredinem

211 2155 230 2172 ι
245 2139 375 2186 frigore
392 2144 532 2174 tantum
546 2144 706 2173 constare
719 2162 730 2181 ,
746 2136 817 2172 sole
833 2137 893 2172 in-

210 2207 228 2222 »
245 2190 362 2227 noxio.
375 2204 393 2220 ἰ
404 2189 606 2225 Humorem
619 2195 737 2223 tamen
751 2200 824 2223 non
836 2201 891 2224 ex-

206 2244 325 2286 dmin
341 2254 426 2279 nam
439 2241 486 2278 ib.
499 2255 541 2277 ao
549 2266 561 2285 ‚
570 2241 599 2287 S.
610 2241 630 2276 3
642 2254 651 2276 ι
665 2256 681 2271 κ
694 2255 750 2276 ros
760 2241 891 2288 robigi-

208 2294 453 2340 »nemt'acit,
474 2300 545 2329 »et
563 2294 624 2338 44,
647 2292 677 2339 S.
697 2306 777 2329 at«
800 2293 891 2329 Fre-

211 2366 228 2382 »
245 2349 473 2397 quentissima
485 2346 559 2384 boc
575 2348 611 2383 in
628 2346 764 2382 roscido
776 2350 888 2382 tractu

208 2418 226 2434 ›-
241 2400 524 2447 convallibusque
535 2426 545 2445 ,
558 2412 597 2436 ac
610 2398 799 2446 perflatum
814 2410 888 2434 non

211 2470 229 2485 n
247 2453 466 2490 habentibus.
484 2467 502 2484 ιο

248 2518 324 2552 9²¹·
339 2503 469 2550 Anser,
485 2502 621 2545 retineg
638 2508 791 2546 veteres,
809 2513 887 2548 qu·

204 2555 295 2591 mala
313 2562 448 2590 remota
463 2568 536 2591 esse
553 2568 573 2591 a
587 2568 623 2591 se
640 2561 833 2601 cuperent,
845 2566 887 2590 ea

203 2608 239 2644 in
254 2607 338 2644 alios
348 2606 629 2649 detestabantur;
643 2608 811 2644 Horatius
822 2633 832 2652 ,
846 2607 884 2652 1,

202 2659 275 2697 Od.
291 2670 375 2703 xxx,
400 2660 450 2696 13.
477 2660 557 2697 Hoc
575 2660 681 2706 igitur
696 2673 802 2696 sensu
817 2659 887 2697 du-

198 2720 290 2758 ctus,
299 2712 406 2750 etiam
418 2711 570 2749 Ovidius
584 2712 796 2758 Robiginem
808 2724 884 2759 pre·

968 1102 1068 1130 catur
1080 1121 1090 1139 ,
1115 1102 1154 1131 ut
1173 1095 1245 1130 vim
1265 1107 1364 1130 suam
1379 1093 1519 1138 insem
1533 1095 1647 1140 potius

968 1154 1100 1182 exserat
1123 1154 1267 1193 propter
1286 1147 1431 1182 abusum
1451 1146 1547 1181 illum
1564 1172 1574 1189 ‚
1601 1145 1645 1181 de

968 1211 1038 1243 quo
1056 1198 1097 1234 ad
1115 1210 1203 1233 vers.
1219 1201 1306 1242 405,
1324 1204 1360 1233 et
1379 1205 1524 1244 propter
1538 1210 1644 1243 quem

965 1251 1089 1286 crebro
1100 1251 1136 1286 in
1146 1252 1283 1287 serrum
1296 1250 1482 1286 invehitur.
1495 1249 1566 1285 Sed
1581 1250 1646 1284 du-

964 1302 1052 1337 bites
1063 1328 1073 1345 ,
1090 1310 1211 1338 utrum
1228 1309 1374 1340 contere.
1391 1315 1435 1336 au
1451 1304 1647 1346 amplectere

964 1353 1134 1398 praeferas.
1159 1354 1248 1389 ntud
1274 1355 1443 1389 Burman.
1468 1366 1509 1388 ex
1529 1355 1644 1399 primo

965 1407 1128 1442 Ambros.
1143 1414 1179 1442 et
1196 1407 1279 1442 laeti
1290 1406 1367 1441 cod.
1379 1406 1531 1451 recepit,
1547 1413 1583 1440 ut
1600 1406 1642 1439 sit

964 1472 1114 1504 graecum
1132 1465 1253 1507 δαμᾷν,
1271 1459 1337 1495 hoc
1350 1460 1466 1495 ceteri
1479 1466 1642 1501 tuentur,

963 1509 1121 1545 defendit
1136 1510 1262 1546 Krcbs.
1278 1517 1380 1556 atque
1400 1509 1589 1545 Mitscberl.
1608 1516 1643 1544 et

964 1561 1136 1596 Gesenius
1155 1568 1360 1601 servaturum
1379 1574 1493 1606 neque
1515 1560 1642 1595 Taub-

964 1626 1052 1649 nero
1069 1613 1278 1660 displicebat.
1298 1613 1388 1648 Mihi
1407 1626 1490 1648 vero
1506 1616 1643 1658 ample—

963 1672 1050 1700 cten·
1060 1678 1155 1701 nunc
1170 1665 1274 1700 nimis
1285 1664 1362 1700 lenc
1374 1691 1384 1707 ,
1402 1677 1517 1710 neque
1530 1664 1643 1699 verbis

961 1730 1064 1757 noce,
1079 1719 1183 1762 perde
1196 1724 1231 1752 et
1246 1720 1397 1763 ‘'uqutizet
1412 1717 1491 1752 satis
1505 1730 1640 1752 conve·

962 1771 1064 1806 niens
1083 1783 1156 1806 esse
1176 1769 1325 1805 videtur.
1340 1788 1385 1797 —-
1401 1771 1498 1804 Prior
1512 1769 1643 1804 habent

962 1822 1034 1858 duo
1054 1822 1167 1858 Vatic.
1189 1822 1309 1858 Ursin.
1329 1829 1364 1857 et
1387 1820 1513 1861 Statii,
1539 1820 1643 1866 vulgo

954 1877 1072 1919 prins:
1086 1874 1142 1910 alii
1151 1900 1161 1918 ,
1168 1874 1483 1919 pmcne—&rpem
1496 1872 1584 1908 bene
1597 1872 1642 1908 de

961 1927 1118 1973 robigine
1130 1953 1140 1970 ,
1159 1926 1327 1973 paulatim
1344 1926 1528 1961 absumere
1539 1952 1549 1969 ,
1574 1939 1640 1960 ro-

960 1977 1187 2014 dere.—-0!iae
1201 1991 1317 2023 agere,
1336 1990 1419 2024 pace
1434 1976 1502 2012 frui
1515 2003 1526 2020 ,
1547 1978 1640 2014 boun

960 2032 1111 2073 locutio;
1136 2032 1175 2075 l,
1194 2031 1238 2066 68
1253 2029 1335 2066 :sed
1358 2029 1514 2066 revocavi
1529 2036 1632 2074 08³¹·

959 2085 1018 2130 qui
1032 2083 1159 2119 modus
1168 2082 1320 2129 optantis
1333 2083 1440 2117 etiam
1447 2082 1638 2118 'rausum

958 2137 1068 2182 magis
1078 2135 1246 2182 placebat,
1254 2147 1360 2181 quam
1368 2134 1544 2180 vulgatum
1555 2138 1638 2178 egit.

958 2187 1181 2225 Generaliter
1204 2199 1299 2222 nunc
1319 2185 1496 2232 loquitur;
1520 2197 1635 2230 neque

957 2238 1112 2276 mundus
1137 2250 1276 2286 semper
1305 2236 1375 2272 otia
1400 2236 1479 2282 agit.
1504 2235 1605 2270 Adde
1626 2263 1635 2278 ,

956 2292 1051 2339 quod
1066 2290 1282 2336 conjunctivi
1301 2287 1398 2325 modi
1417 2295 1613 2334 sequuntur
1626 2315 1635 2331 ‚

953 2348 1103 2385 niteant.
1124 2346 1276 2389 ebqne'aee!
1291 2349 1357 2379 etc.

997 2410 1074 2445 9²7·
1097 2394 1232 2431 Similia
1257 2392 1348 2440 apud
1365 2392 1546 2429 Tibullum
1559 2419 1568 2436 ,
1596 2393 1608 2428 Ι
1624 2420 1633 2436 ,

955 2461 992 2485 xi
1002 2476 1012 2494 ‚
1030 2451 1091 2498 49:
1102 2463 1119 2478 ι·
1132 2449 1222 2484 Pace
1234 2445 1357 2483 bidens
1373 2459 1564 2491 vomerque
1578 2446 1635 2480 ni-

955 2516 973 2533 »
990 2508 1068 2537 tent
1090 2500 1106 2547 (
1122 2500 1178 2536 alii
1197 2502 1355 2544 αἶπος
1378 2506 1411 2533 at
1430 2499 1539 2535 tristia
1554 2498 1634 2534 duri

953 2569 971 2586 ι·
990 2553 1116 2590 Militis
1138 2553 1175 2589 in
1198 2552 1350 2588 tenebris
1373 2560 1519 2599 occupat
1537 2565 1634 2587 arma

954 2622 972 2639 ι·
987 2607 1081 2643 sitm
1093 2621 1112 2638 ι·
1122 2606 1343 2642 —Scaeulnn
1353 2606 1631 2640 instrumentum

950 2657 1142 2703 rusticum,
1166 2669 1239 2703 quo
1255 2664 1451 2703 purgantur
1467 2656 1540 2703 agri
1551 2682 1564 2699 ,
1590 2655 1606 2691 1
1620 2682 1630 2700 ,

949 2710 1217 2760 699.—Dnns‚
1234 2710 1345 2756 gravis
1357 2736 1368 2755 ,
1384 2716 1422 2745 ut
1441 2710 1629 2753 Horatius,
