1826 3054
288 243 374 298 454
798 238 1178 285 Excunsus

285 355 438 387 omnes
460 337 525 385 ibi
549 334 696 385 stellas
713 371 726 394 ,
758 334 836 384 sed
862 334 1013 402 primae
1043 345 1213 383 tantum
1240 343 1286 381 et
1313 332 1513 382 secundae
1537 332 1704 396 magni-

285 414 479 471 tudinis,
508 413 716 470 indicari;
743 411 984 474 Vergilias,
1011 411 1180 460 Hoedos
1204 422 1248 459 et
1272 410 1485 475 ejusmodi
1513 411 1704 459 minores

282 493 480 544 exclusas
508 511 615 542 esse.
650 491 1018 541 Fructuosissima
1049 490 1244 555 ejusdem
1271 501 1379 538 nota
1412 501 1504 545 est,
1538 508 1624 556 qua
1651 490 1703 537 de

282 569 567 626 auctoribus,
602 567 718 616 unde
751 566 989 615 conflatum
1019 575 1116 622 est,
1156 565 1277 614 etde
1303 565 1589 628 regionibus,
1624 566 1702 613 ubi

281 646 444 711 singuli
484 644 778 695 observabant
801 680 814 701 ,
852 643 1070 710 exposuit.
1110 669 1162 679 -
1199 642 1400 691 Alterum
1442 654 1510 691 est
1544 643 1710 691 Gemini

282 725 462 790 (Petav.
490 721 672 771 Uranol.
700 740 745 787 p.
772 719 864 785 64)
890 719 954 768 illi
976 719 1225 777 subsimile,
1250 721 1310 769 ita
1328 732 1470 769 tamen
1490 733 1541 769 ut
1563 721 1703 769 sidera

277 819 370 848 non
398 799 559 847 mensis
589 797 747 846 diebus
766 833 779 854 ‚
812 796 890 846 sed
918 796 1147 859 signorum
1180 795 1357 845 Zodiaci
1390 797 1593 862 partibus
1624 796 1702 843 ad-

276 878 441 943 scripta
466 876 568 925 sint.
591 875 819 932 Tertium,
856 893 881 923 a
905 873 1084 923 Leom'co
1115 873 1307 940 quodam
1340 872 1474 921 latine
1496 891 1668 921 versum
1688 911 1699 927 ,

273 973 299 1003 e
321 953 529 1020 pluribus
550 950 836 1019 compilatum
859 961 905 1000 et
924 950 1017 999 sine
1041 949 1300 998 auctoritate
1317 949 1495 997 Petavio
1514 949 1697 998 videtur.

274 1031 398 1081 Aetia·
423 1028 630 1080 Amideni
658 1028 819 1078 medici
850 1039 1092 1094 παράπηγμα
1122 1027 1144 1091 (
1166 1028 1311 1075 Petav.
1347 1028 1434 1087 42¹
1457 1029 1478 1088 )
1510 1046 1581 1076 eas
1605 1039 1700 1076 tan-

274 1121 366 1158 tum
389 1109 502 1159 aeris
524 1108 818 1165 mutationes,
842 1126 940 1174 quae
961 1106 1018 1155 ad
1035 1116 1300 1169 aegrotorum
1324 1117 1485 1154 statum
1507 1105 1697 1172 aliquam

270 1187 358 1234 vim
391 1186 555 1235 habere
586 1183 880 1234 credebantur
901 1221 914 1241 ,
954 1184 1160 1250 excerpit.
1195 1211 1247 1219 —
1286 1184 1429 1230 Usum
1468 1201 1618 1231 eornm
1654 1184 1695 1231 in

267 1264 573 1312 Romanorum
601 1262 728 1311 fastis
761 1261 965 1317 rusticis,
1003 1261 1079 1328 qui
1104 1260 1188 1309 toti
1210 1261 1267 1309 ab
1290 1260 1345 1309 iis
1366 1260 1454 1309 sere
1478 1260 1695 1327 pendent,

268 1340 539 1408 explicandis
563 1353 606 1389 et
630 1339 924 1405 dijudicandis
945 1339 1181 1387 maximum
1201 1357 1320 1394 esse,
1347 1348 1478 1404 patet.

331 1418 414 1464 111.
430 1418 484 1466 ln
495 1417 578 1465 hac
590 1416 721 1465 etiam
735 1434 783 1464 re
795 1453 808 1473 ‚
825 1415 990 1464 Graecis
1003 1413 1324 1480 pioeeuntibus,
1340 1413 1528 1462 Romani
1544 1414 1693 1462 rustici

263 1494 415 1544 cadem
435 1507 771 1562 parapegmata‚
794 1493 852 1542 ad
875 1511 972 1560 quae
988 1492 1166 1555 negotia
1190 1492 1352 1540 rustica
1374 1505 1694 1558 componerent

263 1585 308 1623 et
317 1573 437 1623 unde
448 1583 729 1639 tempestates
748 1571 1055 1639 praeviderent,
1080 1568 1344 1635 quotidiano
1362 1587 1447 1617 usu
1469 1569 1693 1626 terebant,

266 1665 310 1701 et
332 1651 547 1708 Ovidius,
574 1652 621 1700 in
646 1651 837 1699 carmine
851 1667 934 1699 suo
948 1646 1183 1697 condendo
1197 1684 1209 1704 ‚
1232 1647 1316 1695 hos
1339 1646 1478 1696 fastos
1500 1649 1693 1698 rusticos

264 1751 364 1781 cum
386 1731 593 1787 urbanis,
615 1729 693 1796 qui
712 1747 812 1777 raro
836 1727 1028 1777 siderum
1046 1725 1314 1775 mentionem
1339 1726 1569 1791 injiciunt,
1593 1747 1691 1775 con-

260 1808 419 1874 junxit.
447 1806 699 1856 Accedebat
719 1817 864 1854 autem
883 1805 930 1853 in
951 1802 1023 1852 his
1038 1801 1150 1851 alius
1172 1802 1315 1851 adhuc
1337 1822 1467 1861 usus,
1484 1803 1690 1852 seriarum

262 1883 355 1950 scil.
383 1884 648 1934 rusticarum
669 1880 1042 1948 publicorumque
1073 1878 1384 1928 sacrificiorum
1412 1880 1687 1937 notationes,

262 1980 393 2029 quem
419 1972 564 2009 tamen
587 1976 716 2007 usum
753 1957 904 2020 graecis
930 1956 1061 2007 etiam
1102 1957 1490 2023 pampegmatibus
1525 1957 1686 2013 fuisse,

262 2040 476 2105 conjicere
492 2036 595 2086 licet
616 2054 638 2084 e
658 2034 831 2084 Colum.
857 2035 943 2091 lx,
966 2046 1073 2092 xlv,
1091 2037 1127 2099 ἓ.
1154 2050 1229 2081 12:
1250 2032 1409 2083 Verum
1426 2034 1467 2081 in
1489 2033 1567 2082 hac
1584 2037 1689 2083 run's

259 2115 473 2183 daekcipliaa
510 2131 657 2180 sequor
681 2131 789 2160 nunc
822 2109 1004 2159 Eudoxi
1028 2120 1072 2159 et
1104 2110 1287 2159 Metonis
1308 2149 1319 2166 ,
1358 2110 1687 2179 wuiluommque

242 2195 386 2261 fastus
421 2192 711 2258 astrologorum
727 2229 738 2246 ,
781 2189 853 2255 qui
884 2198 979 2236 sun!
1014 2187 1148 2254 aptati
1168 2186 1346 2254 publicis
1380 2188 1596 2254 sacrficus.
1628 2216 1678 2225 —

261 2273 439 2321 Mutato
473 2269 703 2317 horizonte
734 2278 779 2316 et
808 2278 1003 2332 tempore
1029 2265 1188 2313 veritas
1223 2283 1376 2313 eorum
1407 2263 1527 2312 nulla
1557 2276 1681 2321 erat,

259 2350 333 2400 sed
355 2349 484 2398 etiam
507 2358 612 2415 post
631 2344 816 2395 Caesaris
834 2343 1123 2392 accuratiores
1140 2340 1333 2390 calculos
1350 2359 1520 2408 semper
1540 2341 1682 2390 adhuc

258 2428 304 2476 in
332 2445 414 2475 usu
438 2424 702 2481 manebant,
733 2434 778 2471 et
807 2421 851 2469 in
878 2439 1077 2469 numiam
1106 2419 1385 2482 negotiorum
1417 2419 1681 2469 rusticorum

258 2504 600 2552 adhibebantur.
628 2500 779 2563 Pergit
804 2497 901 2547 Col.
927 2497 955 2545 1.
982 2516 1018 2544 c.
1049 2496 1163 2563 Quia
1182 2507 1223 2545 ee
1237 2497 1369 2544 nolim
1386 2507 1446 2544 es!
1468 2497 1545 2544 ista
1565 2508 1682 2546 vetus

254 2580 439 2649 fflcolie
461 2588 650 2634 concepta
669 2577 811 2640 opinio
822 2595 839 2631 ;
863 2593 935 2624 nec
957 2584 1087 2622 tamen
1112 2571 1349 2639 Hipparchi
1367 2572 1567 2623 subtilitas
1581 2575 1682 2639 pin-

249 2659 457 2727 guioribus
473 2698 483 2714 ,
514 2668 558 2706 u!
578 2657 711 2712 m’um,
749 2654 983 2703 rusticorum
1014 2653 1139 2702 literis
1166 2653 1387 2701 necessaria
1416 2663 1488 2701 est.
1523 2654 1590 2701 Ex
1630 2653 1683 2700 iis

257 2748 402 2787 autem
428 2733 668 2785 kalendaria
691 2732 838 2782 rustica
868 2729 1059 2779 sidemlia
1080 2740 1130 2777 ut
1154 2729 1271 2795 apud
1299 2728 1473 2778 Colum.
1501 2731 1565 2778 xl
1583 2766 1594 2787 ,
1627 2746 1681 2787 2;
