<?xml version="1.0" encoding="UTF-8"?>
<!DOCTYPE html PUBLIC "-//W3C//DTD XHTML 1.0 Transitional//EN"
    "http://www.w3.org/TR/xhtml1/DTD/xhtml1-transitional.dtd">
<html xmlns="http://www.w3.org/1999/xhtml" xml:lang="en" lang="en">
 <head>
  <title>
</title>
<meta http-equiv="Content-Type" content="text/html;charset=utf-8" />
  <meta name='ocr-system' content='tesseract 3.04.00' />
  <meta name='ocr-capabilities' content='ocr_page ocr_carea ocr_par ocr_line ocrx_word'/>
</head>
<body>
  <div class='ocr_page' id='page_1' title='image "./quaeextantomniao06oviduoft_0275.png"; bbox 0 0 1826 3054; ppageno 0'>
   <div class='ocr_carea' id='block_1_1' title="bbox 526 212 1232 268">
    <p class='ocr_par' dir='ltr' id='par_1_1' title="bbox 526 212 1232 268">
     <span class='ocr_line' id='line_1_1' title="bbox 526 212 1232 268; baseline -0.007 0"><span class='ocrx_word' id='word_1_1' title='bbox 526 212 926 268; x_wconf 80' lang='lat' dir='ltr'><strong>F&#39;ASTORUM</strong></span> <span class='ocrx_word' id='word_1_2' title='bbox 963 220 1094 264; x_wconf 74' lang='lat' dir='ltr'><strong>Lm.</strong></span> <span class='ocrx_word' id='word_1_3' title='bbox 1138 221 1232 264; x_wconf 83' lang='lat' dir='ltr'><strong>1v,</strong></span> 
     </span>
    </p>
   </div>
   <div class='ocr_carea' id='block_1_2' title="bbox 1511 208 1591 261">
    <p class='ocr_par' dir='ltr' id='par_1_2' title="bbox 1511 208 1591 261">
     <span class='ocr_line' id='line_1_2' title="bbox 1511 208 1591 261; baseline -0.013 0"><span class='ocrx_word' id='word_1_4' title='bbox 1511 208 1591 261; x_wconf 73' lang='lat'><strong>261</strong></span> 
     </span>
    </p>
   </div>
   <div class='ocr_carea' id='block_1_3' title="bbox 187 312 1346 447">
    <p class='ocr_par' dir='ltr' id='par_1_3' title="bbox 187 312 1346 447">
     <span class='ocr_line' id='line_1_3' title="bbox 248 312 1276 370; baseline -0.008 -3"><span class='ocrx_word' id='word_1_5' title='bbox 248 321 303 367; x_wconf 90' lang='lat' dir='ltr'><strong>In</strong></span> <span class='ocrx_word' id='word_1_6' title='bbox 326 316 512 370; x_wconf 65' lang='lat' dir='ltr'><strong>domina</strong></span> <span class='ocrx_word' id='word_1_7' title='bbox 532 314 733 364; x_wconf 81' lang='lat' dir='ltr'>mensis?</span> <span class='ocrx_word' id='word_1_8' title='bbox 755 333 811 363; x_wconf 89' lang='lat' dir='ltr'><strong>an</strong></span> <span class='ocrx_word' id='word_1_9' title='bbox 833 332 912 362; x_wconf 87' lang='lat' dir='ltr'><strong>sua</strong></span> <span class='ocrx_word' id='word_1_10' title='bbox 935 331 1064 361; x_wconf 88' lang='lat' dir='ltr'><strong>causa</strong></span> <span class='ocrx_word' id='word_1_11' title='bbox 1091 312 1276 361; x_wconf 84' lang='lat' dir='ltr'><strong>subest?</strong></span> 
     </span>
     <span class='ocr_line' id='line_1_4' title="bbox 187 389 1346 447; baseline -0.008 -1"><span class='ocrx_word' id='word_1_12' title='bbox 187 398 316 446; x_wconf 81' lang='lat' dir='ltr'><strong>Lacte</strong></span> <span class='ocrx_word' id='word_1_13' title='bbox 338 413 459 444; x_wconf 88' lang='lat' dir='ltr'><strong>mero</strong></span> <span class='ocrx_word' id='word_1_14' title='bbox 479 405 644 443; x_wconf 85' lang='lat' dir='ltr'><strong>veteres</strong></span> <span class='ocrx_word' id='word_1_15' title='bbox 665 393 736 441; x_wconf 89' lang='lat' dir='ltr'><strong>usi</strong></span> <span class='ocrx_word' id='word_1_16' title='bbox 758 403 1082 446; x_wconf 81' lang='lat' dir='ltr'><strong>memorantur,</strong></span> <span class='ocrx_word' id='word_1_17' title='bbox 1107 401 1150 438; x_wconf 88' lang='lat' dir='ltr'><strong>et</strong></span> <span class='ocrx_word' id='word_1_18' title='bbox 1171 389 1346 447; x_wconf 84' lang='lat' dir='ltr'>herbis,</span> 
     </span>
    </p>
   </div>
   <div class='ocr_carea' id='block_1_4' title="bbox 252 467 1160 539">
    <p class='ocr_par' dir='ltr' id='par_1_4' title="bbox 252 467 1160 539">
     <span class='ocr_line' id='line_1_5' title="bbox 252 467 1160 539; baseline -0.007 -18"><span class='ocrx_word' id='word_1_19' title='bbox 252 473 416 539; x_wconf 84' lang='lat' dir='ltr'><strong>Sponte</strong></span> <span class='ocrx_word' id='word_1_20' title='bbox 440 489 518 519; x_wconf 84' lang='lat' dir='ltr'><strong>sua</strong></span> <span class='ocrx_word' id='word_1_21' title='bbox 539 470 577 518; x_wconf 89' lang='lat' dir='ltr'><strong>si</strong></span> <span class='ocrx_word' id='word_1_22' title='bbox 599 489 708 536; x_wconf 91' lang='lat' dir='ltr'><strong>quas</strong></span> <span class='ocrx_word' id='word_1_23' title='bbox 732 481 846 517; x_wconf 86' lang='lat' dir='ltr'><strong>terra</strong></span> <span class='ocrx_word' id='word_1_24' title='bbox 868 467 1035 517; x_wconf 84' lang='lat' dir='ltr'><strong>serebat</strong></span> <span class='ocrx_word' id='word_1_25' title='bbox 1049 505 1062 525; x_wconf 95' lang='lat'>‚</span> <span class='ocrx_word' id='word_1_26' title='bbox 1086 467 1160 515; x_wconf 81' lang='lat' dir='ltr'><strong>ait.</strong></span> 
     </span>
    </p>
   </div>
   <div class='ocr_carea' id='block_1_5' title="bbox 1535 479 1601 525">
    <p class='ocr_par' dir='ltr' id='par_1_5' title="bbox 1535 479 1601 525">
     <span class='ocr_line' id='line_1_6' title="bbox 1535 479 1601 525; baseline -0.03 -13"><span class='ocrx_word' id='word_1_27' title='bbox 1535 479 1601 525; x_wconf 71' lang='lat'><strong>37⁰</strong></span> 
     </span>
    </p>
   </div>
   <div class='ocr_carea' id='block_1_6' title="bbox 186 546 1251 843">
    <p class='ocr_par' dir='ltr' id='par_1_6' title="bbox 186 546 1251 843">
     <span class='ocr_line' id='line_1_7' title="bbox 188 546 1133 603; baseline -0.003 -6"><span class='ocrx_word' id='word_1_28' title='bbox 188 549 410 598; x_wconf 88' lang='lat' dir='ltr'><strong>Candidus</strong></span> <span class='ocrx_word' id='word_1_29' title='bbox 428 547 543 597; x_wconf 83' lang='lat' dir='ltr'><strong>elisae</strong></span> <span class='ocrx_word' id='word_1_30' title='bbox 565 548 774 596; x_wconf 84' lang='lat' dir='ltr'><strong>miscetur</strong></span> <span class='ocrx_word' id='word_1_31' title='bbox 791 565 943 595; x_wconf 80' lang='lat' dir='ltr'><strong>caseus</strong></span> <span class='ocrx_word' id='word_1_32' title='bbox 960 546 1109 594; x_wconf 83' lang='lat' dir='ltr'><strong>herbae</strong></span> <span class='ocrx_word' id='word_1_33' title='bbox 1120 583 1133 603; x_wconf 95' lang='lat'>‚</span> 
     </span>
     <span class='ocr_line' id='line_1_8' title="bbox 251 622 1210 691; baseline -0.005 -17"><span class='ocrx_word' id='word_1_34' title='bbox 251 626 502 688; x_wconf 83' lang='lat' dir='ltr'><strong>Cognoscat</strong></span> <span class='ocrx_word' id='word_1_35' title='bbox 519 625 691 691; x_wconf 88' lang='lat' dir='ltr'><strong>priscos</strong></span> <span class='ocrx_word' id='word_1_36' title='bbox 713 635 765 671; x_wconf 81' lang='lat' dir='ltr'><strong>ut</strong></span> <span class='ocrx_word' id='word_1_37' title='bbox 787 624 883 671; x_wconf 85' lang='lat' dir='ltr'><strong>Dea</strong></span> <span class='ocrx_word' id='word_1_38' title='bbox 902 622 1046 689; x_wconf 87' lang='lat' dir='ltr'><strong>prisca</strong></span> <span class='ocrx_word' id='word_1_39' title='bbox 1070 622 1210 669; x_wconf 87' lang='lat' dir='ltr'><strong>cibos.</strong></span> 
     </span>
     <span class='ocr_line' id='line_1_9' title="bbox 186 699 1251 768; baseline -0.004 -18"><span class='ocrx_word' id='word_1_40' title='bbox 186 702 400 751; x_wconf 76' lang='lat' dir='ltr'>POSTERA</span> <span class='ocrx_word' id='word_1_41' title='bbox 422 721 558 768; x_wconf 90' lang='lat' dir='ltr'><strong>quum</strong></span> <span class='ocrx_word' id='word_1_42' title='bbox 582 701 686 750; x_wconf 85' lang='lat' dir='ltr'><strong>caelo</strong></span> <span class='ocrx_word' id='word_1_43' title='bbox 705 701 840 750; x_wconf 82' lang='lat' dir='ltr'><strong>motis</strong></span> <span class='ocrx_word' id='word_1_44' title='bbox 857 699 1097 749; x_wconf 78' lang='lat' dir='ltr'>Pallantias</span> <span class='ocrx_word' id='word_1_45' title='bbox 1121 699 1251 748; x_wconf 84' lang='lat' dir='ltr'><strong>astris</strong></span> 
     </span>
     <span class='ocr_line' id='line_1_10' title="bbox 247 777 1200 843; baseline -0.004 -15"><span class='ocrx_word' id='word_1_46' title='bbox 247 779 458 837; x_wconf 84' lang='lat' dir='ltr'><strong>Fulserit‚</strong></span> <span class='ocrx_word' id='word_1_47' title='bbox 483 791 529 828; x_wconf 87' lang='lat' dir='ltr'><strong>et</strong></span> <span class='ocrx_word' id='word_1_48' title='bbox 547 780 702 828; x_wconf 80' lang='lat' dir='ltr'><strong>niveos</strong></span> <span class='ocrx_word' id='word_1_49' title='bbox 719 781 845 827; x_wconf 85' lang='lat' dir='ltr'><strong>Luna</strong></span> <span class='ocrx_word' id='word_1_50' title='bbox 865 777 1017 826; x_wconf 86' lang='lat' dir='ltr'><strong>levarit</strong></span> <span class='ocrx_word' id='word_1_51' title='bbox 1038 797 1200 843; x_wconf 87' lang='lat' dir='ltr'><strong>equos,</strong></span> 
     </span>
    </p>
   </div>
   <div class='ocr_carea' id='block_1_7' title="bbox 184 853 1309 924">
    <p class='ocr_par' dir='ltr' id='par_1_7' title="bbox 184 853 1309 924">
     <span class='ocr_line' id='line_1_11' title="bbox 184 853 1309 924; baseline -0.003 -21"><span class='ocrx_word' id='word_1_52' title='bbox 184 855 278 920; x_wconf 84' lang='lat' dir='ltr'><strong>Qui</strong></span> <span class='ocrx_word' id='word_1_53' title='bbox 301 856 417 905; x_wconf 87' lang='lat' dir='ltr'><strong>dicet</strong></span> <span class='ocrx_word' id='word_1_54' title='bbox 431 894 444 914; x_wconf 91' lang='lat'>‚</span> <span class='ocrx_word' id='word_1_55' title='bbox 469 857 692 924; x_wconf 89' lang='lat' dir='ltr'><strong>quondam</strong></span> <span class='ocrx_word' id='word_1_56' title='bbox 713 867 880 904; x_wconf 86' lang='lat' dir='ltr'><strong>sacrata</strong></span> <span class='ocrx_word' id='word_1_57' title='bbox 905 867 973 904; x_wconf 85' lang='lat' dir='ltr'><strong>est</strong></span> <span class='ocrx_word' id='word_1_58' title='bbox 993 853 1105 903; x_wconf 87' lang='lat' dir='ltr'><strong>colle</strong></span> <span class='ocrx_word' id='word_1_59' title='bbox 1129 853 1309 917; x_wconf 79' lang='lat' dir='ltr'>Quirini</span> 
     </span>
    </p>
   </div>
   <div class='ocr_carea' id='block_1_8' title="bbox 181 931 1393 1074">
    <p class='ocr_par' dir='ltr' id='par_1_8' title="bbox 181 931 1393 1074">
     <span class='ocr_line' id='line_1_12' title="bbox 248 931 1153 990; baseline -0.002 -10"><span class='ocrx_word' id='word_1_60' title='bbox 248 934 343 981; x_wconf 89' lang='lat' dir='ltr'><strong>Hac</strong></span> <span class='ocrx_word' id='word_1_61' title='bbox 365 935 559 982; x_wconf 78' lang='lat' dir='ltr'><strong>Fortuna</strong></span> <span class='ocrx_word' id='word_1_62' title='bbox 581 934 651 982; x_wconf 85' lang='lat' dir='ltr'><strong>die</strong></span> <span class='ocrx_word' id='word_1_63' title='bbox 672 932 856 981; x_wconf 87' lang='lat' dir='ltr'><strong>Publica</strong></span> <span class='ocrx_word' id='word_1_64' title='bbox 869 969 883 990; x_wconf 90' lang='lat'><strong>‚</strong></span> <span class='ocrx_word' id='word_1_65' title='bbox 906 951 1036 980; x_wconf 84' lang='lat' dir='ltr'><strong>verus</strong></span> <span class='ocrx_word' id='word_1_66' title='bbox 1057 931 1153 980; x_wconf 79' lang='lat' dir='ltr'><strong>erit.</strong></span> 
     </span>
     <span class='ocr_line' id='line_1_13' title="bbox 181 1007 1393 1074; baseline -0.002 -17"><span class='ocrx_word' id='word_1_67' title='bbox 181 1010 363 1058; x_wconf 76' lang='lat' dir='ltr'>TERTIA</span> <span class='ocrx_word' id='word_1_68' title='bbox 386 1010 487 1069; x_wconf 84' lang='lat' dir='ltr'><strong>lux,</strong></span> <span class='ocrx_word' id='word_1_69' title='bbox 509 1011 712 1069; x_wconf 88' lang='lat' dir='ltr'><strong>memini,</strong></span> <span class='ocrx_word' id='word_1_70' title='bbox 735 1010 854 1058; x_wconf 86' lang='lat' dir='ltr'><strong>ludis</strong></span> <span class='ocrx_word' id='word_1_71' title='bbox 872 1021 965 1058; x_wconf 82' lang='lat' dir='ltr'><strong>erat</strong></span> <span class='ocrx_word' id='word_1_72' title='bbox 983 1028 994 1058; x_wconf 77' lang='grc' dir='ltr'><strong><em>ε</em></strong></span> <span class='ocrx_word' id='word_1_73' title='bbox 1018 1021 1064 1057; x_wconf 81' lang='lat' dir='ltr'><strong>at</strong></span> <span class='ocrx_word' id='word_1_74' title='bbox 1084 1008 1193 1056; x_wconf 84' lang='lat' dir='ltr'><strong>mihi</strong></span> <span class='ocrx_word' id='word_1_75' title='bbox 1215 1007 1393 1074; x_wconf 88' lang='lat' dir='ltr'><strong>quidam</strong></span> 
     </span>
    </p>
   </div>
   <div class='ocr_carea' id='block_1_9' title="bbox 183 1119 875 2776">
    <p class='ocr_par' dir='ltr' id='par_1_9' title="bbox 183 1119 861 1518">
     <span class='ocr_line' id='line_1_14' title="bbox 183 1119 859 1166; baseline 0.004 -13"><span class='ocrx_word' id='word_1_76' title='bbox 183 1126 311 1154; x_wconf 82' lang='lat' dir='ltr'><strong>retum.</strong></span> <span class='ocrx_word' id='word_1_77' title='bbox 319 1119 435 1155; x_wconf 88' lang='lat' dir='ltr'><strong>Etiam</strong></span> <span class='ocrx_word' id='word_1_78' title='bbox 444 1121 676 1166; x_wconf 86' lang='lat' dir='ltr'><strong>Neapolishoc</strong></span> <span class='ocrx_word' id='word_1_79' title='bbox 685 1121 759 1156; x_wconf 86' lang='lat' dir='ltr'><strong>loco</strong></span> <span class='ocrx_word' id='word_1_80' title='bbox 768 1133 859 1166; x_wconf 82' lang='lat' dir='ltr'><strong>quae·</strong></span> 
     </span>
     <span class='ocr_line' id='line_1_15' title="bbox 185 1171 859 1219; baseline 0.003 -13"><span class='ocrx_word' id='word_1_81' title='bbox 185 1171 267 1206; x_wconf 85' lang='lat' dir='ltr'><strong>dam</strong></span> <span class='ocrx_word' id='word_1_82' title='bbox 279 1172 322 1206; x_wconf 86' lang='lat' dir='ltr'><strong>de</strong></span> <span class='ocrx_word' id='word_1_83' title='bbox 333 1171 398 1207; x_wconf 87' lang='lat' dir='ltr'><strong>hoe</strong></span> <span class='ocrx_word' id='word_1_84' title='bbox 404 1173 482 1207; x_wconf 80' lang='lat' dir='ltr'><strong>cibo</strong></span> <span class='ocrx_word' id='word_1_85' title='bbox 490 1174 760 1219; x_wconf 67' lang='lat' dir='ltr'><strong>collegit—Sua,</strong></span> <span class='ocrx_word' id='word_1_86' title='bbox 769 1174 859 1217; x_wconf 80' lang='lat' dir='ltr'><strong>iusta</strong></span> 
     </span>
     <span class='ocr_line' id='line_1_16' title="bbox 187 1225 860 1270; baseline 0.001 -12"><span class='ocrx_word' id='word_1_87' title='bbox 187 1231 247 1259; x_wconf 89' lang='lat' dir='ltr'><strong>aut</strong></span> <span class='ocrx_word' id='word_1_88' title='bbox 257 1225 406 1270; x_wconf 86' lang='lat' dir='ltr'><strong>propria.</strong></span> <span class='ocrx_word' id='word_1_89' title='bbox 414 1226 506 1259; x_wconf 78' lang='lat' dir='ltr'><strong>-Si</strong></span> <span class='ocrx_word' id='word_1_90' title='bbox 513 1238 600 1269; x_wconf 77' lang='lat' dir='ltr'><strong>quas</strong></span> <span class='ocrx_word' id='word_1_91' title='bbox 611 1238 684 1259; x_wconf 87' lang='lat' dir='ltr'><strong>non</strong></span> <span class='ocrx_word' id='word_1_92' title='bbox 694 1225 860 1260; x_wconf 87' lang='lat' dir='ltr'><strong>dubitan-</strong></span> 
     </span>
     <span class='ocr_line' id='line_1_17' title="bbox 188 1276 861 1322; baseline -0.001 -12"><span class='ocrx_word' id='word_1_93' title='bbox 188 1277 230 1310; x_wconf 86' lang='lat' dir='ltr'><strong>tis</strong></span> <span class='ocrx_word' id='word_1_94' title='bbox 244 1284 313 1319; x_wconf 86' lang='lat' dir='ltr'><strong>est,</strong></span> <span class='ocrx_word' id='word_1_95' title='bbox 328 1276 388 1310; x_wconf 81' lang='lat' dir='ltr'><strong>sed</strong></span> <span class='ocrx_word' id='word_1_96' title='bbox 402 1276 608 1311; x_wconf 83' lang='lat' dir='ltr'><strong>affirmantis</strong></span> <span class='ocrx_word' id='word_1_97' title='bbox 620 1289 703 1322; x_wconf 86' lang='lat' dir='ltr'><strong>pro,</strong></span> <span class='ocrx_word' id='word_1_98' title='bbox 721 1289 861 1321; x_wconf 80' lang='lat' dir='ltr'><strong>quas.—</strong></span> 
     </span>
     <span class='ocr_line' id='line_1_18' title="bbox 187 1327 860 1373; baseline 0.001 -12"><span class='ocrx_word' id='word_1_99' title='bbox 187 1329 307 1368; x_wconf 73' lang='lat' dir='ltr'><em>EHse,</em></span> <span class='ocrx_word' id='word_1_100' title='bbox 319 1328 477 1362; x_wconf 68' lang='lat' dir='ltr'><strong>contrita</strong></span> <span class='ocrx_word' id='word_1_101' title='bbox 487 1329 630 1373; x_wconf 81' lang='lat' dir='ltr'><strong>pastillo.</strong></span> <span class='ocrx_word' id='word_1_102' title='bbox 642 1327 732 1362; x_wconf 85' lang='lat' dir='ltr'>Vide</span> <span class='ocrx_word' id='word_1_103' title='bbox 746 1328 860 1362; x_wconf 84' lang='lat' dir='ltr'><strong>Hein-</strong></span> 
     </span>
     <span class='ocr_line' id='line_1_19' title="bbox 186 1379 859 1426; baseline 0 -13"><span class='ocrx_word' id='word_1_104' title='bbox 186 1379 286 1413; x_wconf 85' lang='lat' dir='ltr'><strong>sium.</strong></span> <span class='ocrx_word' id='word_1_105' title='bbox 310 1379 351 1414; x_wconf 86' lang='lat' dir='ltr'><strong>ln</strong></span> <span class='ocrx_word' id='word_1_106' title='bbox 371 1381 537 1426; x_wconf 85' lang='lat' dir='ltr'><strong>temporis</strong></span> <span class='ocrx_word' id='word_1_107' title='bbox 558 1380 692 1426; x_wconf 82' lang='lat' dir='ltr'><strong>antiqui</strong></span> <span class='ocrx_word' id='word_1_108' title='bbox 713 1392 859 1423; x_wconf 81' lang='lat' dir='ltr'><strong>memo—</strong></span> 
     </span>
     <span class='ocr_line' id='line_1_20' title="bbox 186 1431 860 1467; baseline 0.003 -3"><span class='ocrx_word' id='word_1_109' title='bbox 186 1431 275 1465; x_wconf 82' lang='lat' dir='ltr'><strong>riam</strong></span> <span class='ocrx_word' id='word_1_110' title='bbox 304 1431 414 1466; x_wconf 86' lang='lat' dir='ltr'><strong>multa</strong></span> <span class='ocrx_word' id='word_1_111' title='bbox 437 1438 570 1467; x_wconf 79' lang='lat' dir='ltr'><strong>servata</strong></span> <span class='ocrx_word' id='word_1_112' title='bbox 595 1439 679 1467; x_wconf 83' lang='lat' dir='ltr'><strong>sunt</strong></span> <span class='ocrx_word' id='word_1_113' title='bbox 699 1433 735 1467; x_wconf 88' lang='lat' dir='ltr'><strong>in</strong></span> <span class='ocrx_word' id='word_1_114' title='bbox 755 1432 860 1466; x_wconf 81' lang='lat' dir='ltr'><strong>sacris</strong></span> 
     </span>
     <span class='ocr_line' id='line_1_21' title="bbox 186 1490 369 1518; baseline 0.016 -3"><span class='ocrx_word' id='word_1_115' title='bbox 186 1490 369 1518; x_wconf 59' lang='lat' dir='ltr'><strong>veterum:</strong></span> 
     </span>
    </p>

    <p class='ocr_par' dir='ltr' id='par_1_10' title="bbox 184 1534 863 1885">
     <span class='ocr_line' id='line_1_22' title="bbox 228 1534 860 1582; baseline 0.005 -14"><span class='ocrx_word' id='word_1_116' title='bbox 228 1534 394 1579; x_wconf 79' lang='lat'><strong>373-388.</strong></span> <span class='ocrx_word' id='word_1_117' title='bbox 407 1535 494 1571; x_wconf 66' lang='lat' dir='ltr'><strong>Hac</strong></span> <span class='ocrx_word' id='word_1_118' title='bbox 508 1549 648 1582; x_wconf 83' lang='lat' dir='ltr'><strong>quoque</strong></span> <span class='ocrx_word' id='word_1_119' title='bbox 663 1535 706 1571; x_wconf 85' lang='lat' dir='ltr'><strong>ad</strong></span> <span class='ocrx_word' id='word_1_120' title='bbox 721 1543 860 1582; x_wconf 75' lang='lat' dir='ltr'><strong>tempus</strong></span> 
     </span>
     <span class='ocr_line' id='line_1_23' title="bbox 186 1586 860 1634; baseline 0 -12"><span class='ocrx_word' id='word_1_121' title='bbox 186 1586 444 1634; x_wconf 63' lang='lat' dir='ltr'><strong>Msgzlemium</strong></span> <span class='ocrx_word' id='word_1_122' title='bbox 457 1589 656 1634; x_wconf 76' lang='lat' dir='ltr'><strong>pertinent,</strong></span> <span class='ocrx_word' id='word_1_123' title='bbox 675 1589 717 1623; x_wconf 83' lang='lat' dir='ltr'><strong>ad</strong></span> <span class='ocrx_word' id='word_1_124' title='bbox 736 1588 808 1623; x_wconf 85' lang='lat' dir='ltr'><strong>dies</strong></span> <span class='ocrx_word' id='word_1_125' title='bbox 825 1589 860 1621; x_wconf 91' lang='lat' dir='ltr'>V</span> 
     </span>
     <span class='ocr_line' id='line_1_24' title="bbox 185 1641 861 1688; baseline 0 -13"><span class='ocrx_word' id='word_1_126' title='bbox 185 1641 298 1677; x_wconf 73' lang='lat' dir='ltr'><strong>et-Vl·</strong></span> <span class='ocrx_word' id='word_1_127' title='bbox 308 1642 436 1687; x_wconf 67' lang='lat' dir='ltr'><strong>Aprilis</strong></span> <span class='ocrx_word' id='word_1_128' title='bbox 454 1668 464 1684; x_wconf 82' lang='lat'>,</span> <span class='ocrx_word' id='word_1_129' title='bbox 490 1643 672 1687; x_wconf 82' lang='lat' dir='ltr'><strong>obiterque</strong></span> <span class='ocrx_word' id='word_1_130' title='bbox 695 1655 751 1688; x_wconf 78' lang='lat' dir='ltr'><strong>res</strong></span> <span class='ocrx_word' id='word_1_131' title='bbox 775 1641 861 1676; x_wconf 85' lang='lat' dir='ltr'><strong>duas</strong></span> 
     </span>
     <span class='ocr_line' id='line_1_25' title="bbox 184 1693 863 1739; baseline 0.003 -13"><span class='ocrx_word' id='word_1_132' title='bbox 184 1699 330 1728; x_wconf 83' lang='lat' dir='ltr'><strong>narrant</strong></span> <span class='ocrx_word' id='word_1_133' title='bbox 343 1693 426 1727; x_wconf 87' lang='lat' dir='ltr'><strong>olim</strong></span> <span class='ocrx_word' id='word_1_134' title='bbox 442 1694 513 1728; x_wconf 85' lang='lat' dir='ltr'><strong>istis</strong></span> <span class='ocrx_word' id='word_1_135' title='bbox 527 1694 648 1728; x_wconf 83' lang='lat' dir='ltr'><strong>diebus</strong></span> <span class='ocrx_word' id='word_1_136' title='bbox 659 1701 769 1739; x_wconf 80' lang='lat' dir='ltr'><strong>gestas</strong></span> <span class='ocrx_word' id='word_1_137' title='bbox 782 1707 790 1728; x_wconf 73' lang='grc' dir='ltr'>ε</span> <span class='ocrx_word' id='word_1_138' title='bbox 801 1695 863 1727; x_wconf 86' lang='lat' dir='ltr'><strong>de-</strong></span> 
     </span>
     <span class='ocr_line' id='line_1_26' title="bbox 185 1747 855 1789; baseline 0.001 -11"><span class='ocrx_word' id='word_1_139' title='bbox 185 1747 384 1779; x_wconf 70' lang='lat' dir='ltr'><strong>dicatiouen</strong></span> <span class='ocrx_word' id='word_1_140' title='bbox 397 1749 516 1789; x_wconf 72' lang='lat' dir='ltr'><strong>lempli</strong></span> <span class='ocrx_word' id='word_1_141' title='bbox 521 1748 673 1780; x_wconf 74' lang='lat' dir='ltr'><strong>Fortuna</strong></span> <span class='ocrx_word' id='word_1_142' title='bbox 687 1748 837 1781; x_wconf 75' lang='lat' dir='ltr'><strong>Publice</strong></span> <span class='ocrx_word' id='word_1_143' title='bbox 846 1773 855 1786; x_wconf 86' lang='lat'>,</span> 
     </span>
     <span class='ocr_line' id='line_1_27' title="bbox 189 1799 862 1839; baseline 0.004 -9"><span class='ocrx_word' id='word_1_144' title='bbox 189 1802 225 1830; x_wconf 84' lang='lat' dir='ltr'><strong>et</strong></span> <span class='ocrx_word' id='word_1_145' title='bbox 238 1800 411 1831; x_wconf 62' lang='lat' dir='ltr'><strong>nxz-turim</strong></span> <span class='ocrx_word' id='word_1_146' title='bbox 430 1799 575 1832; x_wconf 73' lang='lat' dir='ltr'><em>Cesan&#39;s</em></span> <span class='ocrx_word' id='word_1_147' title='bbox 595 1801 638 1832; x_wconf 85' lang='lat' dir='ltr'><strong>de</strong></span> <span class='ocrx_word' id='word_1_148' title='bbox 656 1800 767 1839; x_wconf 86' lang='lat' dir='ltr'><strong>Juba,</strong></span> <span class='ocrx_word' id='word_1_149' title='bbox 792 1806 862 1833; x_wconf 82' lang='lat' dir='ltr'><strong>tum</strong></span> 
     </span>
     <span class='ocr_line' id='line_1_28' title="bbox 189 1847 807 1885; baseline 0.008 -5"><span class='ocrx_word' id='word_1_150' title='bbox 189 1847 296 1881; x_wconf 74' lang='lat' dir='ltr'><strong>Libra</strong></span> <span class='ocrx_word' id='word_1_151' title='bbox 306 1851 425 1882; x_wconf 69' lang='lat' dir='ltr'><strong>iaebn‘s</strong></span> <span class='ocrx_word' id='word_1_152' title='bbox 440 1855 476 1883; x_wconf 86' lang='lat' dir='ltr'><strong>et</strong></span> <span class='ocrx_word' id='word_1_153' title='bbox 496 1850 632 1884; x_wconf 80' lang='lat' dir='ltr'><strong>Orionis</strong></span> <span class='ocrx_word' id='word_1_154' title='bbox 642 1863 807 1885; x_wconf 78' lang='lat' dir='ltr'><strong>occasum.</strong></span> 
     </span>
    </p>

    <p class='ocr_par' dir='ltr' id='par_1_11' title="bbox 192 1900 875 2776">
     <span class='ocr_line' id='line_1_29' title="bbox 233 1900 863 1942; baseline 0.01 -10"><span class='ocrx_word' id='word_1_155' title='bbox 233 1900 447 1940; x_wconf 78' lang='lat' dir='ltr'><strong>Pallantias,</strong></span> <span class='ocrx_word' id='word_1_156' title='bbox 467 1900 625 1942; x_wconf 82' lang='lat' dir='ltr'><strong>Aurora;</strong></span> <span class='ocrx_word' id='word_1_157' title='bbox 642 1902 695 1936; x_wconf 74' lang='lat' dir='ltr'><strong>lx</strong></span> <span class='ocrx_word' id='word_1_158' title='bbox 716 1903 863 1938; x_wconf 75' lang='lat' dir='ltr'><strong>Metam.</strong></span> 
     </span>
     <span class='ocr_line' id='line_1_30' title="bbox 192 1951 857 1998; baseline 0.006 -13"><span class='ocrx_word' id='word_1_159' title='bbox 192 1953 266 1994; x_wconf 72' lang='lat'><strong>420.</strong></span> <span class='ocrx_word' id='word_1_160' title='bbox 289 1951 341 1986; x_wconf 89' lang='lat' dir='ltr'><strong>Ea</strong></span> <span class='ocrx_word' id='word_1_161' title='bbox 365 1953 500 1987; x_wconf 85' lang='lat' dir='ltr'><strong>oriente</strong></span> <span class='ocrx_word' id='word_1_162' title='bbox 526 1953 713 1998; x_wconf 63' lang='lat' dir='ltr'><strong>dsjsuffiuu!</strong></span> <span class='ocrx_word' id='word_1_163' title='bbox 732 1958 857 1996; x_wconf 76' lang='lat' dir='ltr'><strong>stelle,</strong></span> 
     </span>
     <span class='ocr_line' id='line_1_31' title="bbox 194 2001 867 2048; baseline 0.006 -12"><span class='ocrx_word' id='word_1_164' title='bbox 194 2001 229 2037; x_wconf 81' lang='grc' dir='ltr'><strong>ΙΙ</strong></span> <span class='ocrx_word' id='word_1_165' title='bbox 247 2002 394 2037; x_wconf 77' lang='lat' dir='ltr'><strong>Metam.</strong></span> <span class='ocrx_word' id='word_1_166' title='bbox 414 2006 495 2046; x_wconf 76' lang='lat'><strong>¹¹43</strong></span> <span class='ocrx_word' id='word_1_167' title='bbox 513 2016 576 2048; x_wconf 85' lang='lat' dir='ltr'><strong>pro</strong></span> <span class='ocrx_word' id='word_1_168' title='bbox 592 2016 662 2048; x_wconf 84' lang='lat' dir='ltr'><strong>quo</strong></span> <span class='ocrx_word' id='word_1_169' title='bbox 679 2018 776 2039; x_wconf 84' lang='lat' dir='ltr'><strong>nunc</strong></span> <span class='ocrx_word' id='word_1_170' title='bbox 791 2019 867 2040; x_wconf 69' lang='lat' dir='ltr'><strong>mo-</strong></span> 
     </span>
     <span class='ocr_line' id='line_1_32' title="bbox 193 2054 867 2101; baseline 0.006 -14"><span class='ocrx_word' id='word_1_171' title='bbox 193 2061 308 2088; x_wconf 68' lang='lat' dir='ltr'><strong>ventur</strong></span> <span class='ocrx_word' id='word_1_172' title='bbox 320 2081 330 2095; x_wconf 83' lang='lat'><strong><em>‚</em></strong></span> <span class='ocrx_word' id='word_1_173' title='bbox 353 2054 424 2089; x_wconf 85' lang='lat' dir='ltr'><strong>scil.</strong></span> <span class='ocrx_word' id='word_1_174' title='bbox 439 2055 588 2089; x_wconf 84' lang='lat' dir='ltr'><strong>statione</strong></span> <span class='ocrx_word' id='word_1_175' title='bbox 603 2055 640 2089; x_wconf 86' lang='lat' dir='ltr'><strong>in</strong></span> <span class='ocrx_word' id='word_1_176' title='bbox 656 2056 740 2090; x_wconf 76' lang='lat' dir='ltr'><strong>caelo</strong></span> <span class='ocrx_word' id='word_1_177' title='bbox 749 2057 867 2101; x_wconf 82' lang='lat' dir='ltr'><strong>expel-</strong></span> 
     </span>
     <span class='ocr_line' id='line_1_33' title="bbox 192 2105 867 2149; baseline 0.004 -10"><span class='ocrx_word' id='word_1_178' title='bbox 192 2105 337 2149; x_wconf 86' lang='lat' dir='ltr'><strong>luntur,</strong></span> <span class='ocrx_word' id='word_1_179' title='bbox 362 2113 402 2141; x_wconf 85' lang='lat' dir='ltr'><strong>ut</strong></span> <span class='ocrx_word' id='word_1_180' title='bbox 423 2106 537 2141; x_wconf 82' lang='lat' dir='ltr'><strong>hostes</strong></span> <span class='ocrx_word' id='word_1_181' title='bbox 557 2111 683 2142; x_wconf 70' lang='lat' dir='ltr'><strong>moveri</strong></span> <span class='ocrx_word' id='word_1_182' title='bbox 702 2107 867 2142; x_wconf 80' lang='lat' dir='ltr'><strong>dicuntur</strong></span> 
     </span>
     <span class='ocr_line' id='line_1_34' title="bbox 193 2158 868 2203; baseline 0.004 -12"><span class='ocrx_word' id='word_1_183' title='bbox 193 2170 303 2202; x_wconf 85' lang='lat' dir='ltr'><strong>quum</strong></span> <span class='ocrx_word' id='word_1_184' title='bbox 313 2171 332 2192; x_wconf 89' lang='lat' dir='ltr'><strong>e</strong></span> <span class='ocrx_word' id='word_1_185' title='bbox 343 2158 461 2192; x_wconf 84' lang='lat' dir='ltr'><strong>castris</strong></span> <span class='ocrx_word' id='word_1_186' title='bbox 471 2159 661 2203; x_wconf 78' lang='lat' dir='ltr'><strong>ejiciuntur</strong></span> <span class='ocrx_word' id='word_1_187' title='bbox 671 2174 679 2199; x_wconf 88' lang='lat'>;</span> <span class='ocrx_word' id='word_1_188' title='bbox 691 2158 768 2193; x_wconf 80' lang='lat' dir='ltr'><strong>vide</strong></span> <span class='ocrx_word' id='word_1_189' title='bbox 780 2159 868 2194; x_wconf 88' lang='lat' dir='ltr'><strong>Dra·</strong></span> 
     </span>
     <span class='ocr_line' id='line_1_35' title="bbox 193 2209 868 2255; baseline 0.003 -11"><span class='ocrx_word' id='word_1_190' title='bbox 193 2209 295 2245; x_wconf 80' lang='lat' dir='ltr'><strong>kenb.</strong></span> <span class='ocrx_word' id='word_1_191' title='bbox 310 2210 355 2244; x_wconf 85' lang='lat' dir='ltr'><strong>ad</strong></span> <span class='ocrx_word' id='word_1_192' title='bbox 372 2211 444 2245; x_wconf 84' lang='lat' dir='ltr'><strong>Liv.</strong></span> <span class='ocrx_word' id='word_1_193' title='bbox 456 2211 508 2255; x_wconf 85' lang='lat' dir='ltr'><strong>X,</strong></span> <span class='ocrx_word' id='word_1_194' title='bbox 525 2213 726 2255; x_wconf 58' lang='lat' dir='ltr'><strong>4—Lerare</strong></span> <span class='ocrx_word' id='word_1_195' title='bbox 741 2212 868 2247; x_wconf 85' lang='lat' dir='ltr'><strong>scilicet</strong></span> 
     </span>
     <span class='ocr_line' id='line_1_36' title="bbox 192 2263 868 2313; baseline 0.003 -17"><span class='ocrx_word' id='word_1_196' title='bbox 192 2263 294 2308; x_wconf 80' lang='lat' dir='ltr'><strong>jugo,</strong></span> <span class='ocrx_word' id='word_1_197' title='bbox 309 2263 583 2299; x_wconf 53' lang='lat' dir='ltr'><strong>anima—An.</strong></span> <span class='ocrx_word' id='word_1_198' title='bbox 596 2277 629 2299; x_wconf 89' lang='lat' dir='ltr'><strong>u.</strong></span> <span class='ocrx_word' id='word_1_199' title='bbox 644 2278 674 2299; x_wconf 83' lang='lat' dir='ltr'><strong>c.</strong></span> <span class='ocrx_word' id='word_1_200' title='bbox 688 2266 753 2313; x_wconf 77' lang='grc'><strong>549</strong></span> <span class='ocrx_word' id='word_1_201' title='bbox 769 2264 868 2300; x_wconf 60' lang='lat' dir='ltr'><strong>Sem»</strong></span> 
     </span>
     <span class='ocr_line' id='line_1_37' title="bbox 194 2315 870 2362; baseline 0.001 -13"><span class='ocrx_word' id='word_1_202' title='bbox 194 2315 337 2358; x_wconf 82' lang='lat' dir='ltr'><strong>pronius</strong></span> <span class='ocrx_word' id='word_1_203' title='bbox 349 2328 417 2351; x_wconf 79' lang='lat' dir='ltr'><strong>cos.</strong></span> <span class='ocrx_word' id='word_1_204' title='bbox 432 2316 604 2362; x_wconf 82' lang='lat' dir='ltr'><strong>principio</strong></span> <span class='ocrx_word' id='word_1_205' title='bbox 616 2329 742 2362; x_wconf 83' lang='lat' dir='ltr'><strong>pugnae</strong></span> <span class='ocrx_word' id='word_1_206' title='bbox 751 2316 870 2351; x_wconf 82' lang='lat' dir='ltr'><strong>adver-</strong></span> 
     </span>
     <span class='ocr_line' id='line_1_38' title="bbox 194 2367 871 2413; baseline 0.003 -13"><span class='ocrx_word' id='word_1_207' title='bbox 194 2379 251 2401; x_wconf 81' lang='lat' dir='ltr'><strong>sus</strong></span> <span class='ocrx_word' id='word_1_208' title='bbox 277 2367 512 2403; x_wconf 80' lang='lat' dir='ltr'><strong>Hannibalem</strong></span> <span class='ocrx_word' id='word_1_209' title='bbox 532 2395 543 2413; x_wconf 90' lang='lat'>‚</span> <span class='ocrx_word' id='word_1_210' title='bbox 579 2368 690 2403; x_wconf 68' lang='lat' dir='ltr'><strong>aedem</strong></span> <span class='ocrx_word' id='word_1_211' title='bbox 717 2371 871 2404; x_wconf 77' lang='lat' dir='ltr'><strong>Fortuna·</strong></span> 
     </span>
     <span class='ocr_line' id='line_1_39' title="bbox 197 2420 871 2466; baseline 0.003 -13"><span class='ocrx_word' id='word_1_212' title='bbox 197 2420 403 2463; x_wconf 67' lang='lat' dir='ltr'><strong>Prianigeaiae</strong></span> <span class='ocrx_word' id='word_1_213' title='bbox 426 2421 522 2455; x_wconf 79' lang='lat' dir='ltr'><strong>vovit</strong></span> <span class='ocrx_word' id='word_1_214' title='bbox 537 2446 548 2464; x_wconf 89' lang='lat'>,</span> <span class='ocrx_word' id='word_1_215' title='bbox 572 2433 723 2466; x_wconf 86' lang='lat' dir='ltr'><strong>eamque</strong></span> <span class='ocrx_word' id='word_1_216' title='bbox 748 2420 871 2455; x_wconf 83' lang='lat' dir='ltr'><strong>decem</strong></span> 
     </span>
     <span class='ocr_line' id='line_1_40' title="bbox 197 2470 868 2516; baseline 0.003 -12"><span class='ocrx_word' id='word_1_217' title='bbox 197 2470 297 2505; x_wconf 81' lang='lat' dir='ltr'><strong>annis</strong></span> <span class='ocrx_word' id='word_1_218' title='bbox 307 2478 384 2516; x_wconf 76' lang='lat' dir='ltr'><strong>post</strong></span> <span class='ocrx_word' id='word_1_219' title='bbox 392 2497 402 2515; x_wconf 91' lang='lat'>,</span> <span class='ocrx_word' id='word_1_220' title='bbox 417 2474 505 2507; x_wconf 87' lang='lat' dir='ltr'><strong>colle</strong></span> <span class='ocrx_word' id='word_1_221' title='bbox 517 2474 692 2516; x_wconf 71' lang='lat' dir='ltr'><strong>Quirinali</strong></span> <span class='ocrx_word' id='word_1_222' title='bbox 699 2475 868 2513; x_wconf 68' lang='lat' dir='ltr'><strong>sacravit,</strong></span> 
     </span>
     <span class='ocr_line' id='line_1_41' title="bbox 201 2522 873 2569; baseline 0.006 -13"><span class='ocrx_word' id='word_1_223' title='bbox 201 2522 371 2558; x_wconf 63' lang='lat' dir='ltr'><strong>dedic-vit</strong></span> <span class='ocrx_word' id='word_1_224' title='bbox 387 2524 436 2569; x_wconf 82' lang='lat' dir='ltr'><strong>Q.</strong></span> <span class='ocrx_word' id='word_1_225' title='bbox 449 2525 600 2560; x_wconf 73' lang='lat' dir='ltr'><strong>Martius</strong></span> <span class='ocrx_word' id='word_1_226' title='bbox 617 2525 717 2560; x_wconf 86' lang='lat' dir='ltr'><strong>Ralla</strong></span> <span class='ocrx_word' id='word_1_227' title='bbox 740 2525 873 2559; x_wconf 85' lang='lat' dir='ltr'><strong>duum·-</strong></span> 
     </span>
     <span class='ocr_line' id='line_1_42' title="bbox 199 2573 873 2621; baseline 0.007 -14"><span class='ocrx_word' id='word_1_228' title='bbox 199 2574 252 2608; x_wconf 85' lang='lat' dir='ltr'><strong>vir</strong></span> <span class='ocrx_word' id='word_1_229' title='bbox 262 2573 304 2609; x_wconf 87' lang='lat' dir='ltr'><strong>ad</strong></span> <span class='ocrx_word' id='word_1_230' title='bbox 313 2574 466 2620; x_wconf 72' lang='lat' dir='ltr'><strong>idipsum</strong></span> <span class='ocrx_word' id='word_1_231' title='bbox 475 2583 629 2619; x_wconf 80' lang='lat' dir='ltr'><strong>creatus;</strong></span> <span class='ocrx_word' id='word_1_232' title='bbox 643 2577 717 2611; x_wconf 84' lang='lat' dir='ltr'>Liv.</span> <span class='ocrx_word' id='word_1_233' title='bbox 729 2578 852 2612; x_wconf 85' lang='lat' dir='ltr'><strong>XXIX</strong></span> <span class='ocrx_word' id='word_1_234' title='bbox 861 2603 873 2621; x_wconf 91' lang='lat'><strong><em>‚</em></strong></span> 
     </span>
     <span class='ocr_line' id='line_1_43' title="bbox 199 2626 872 2670; baseline 0.004 -9"><span class='ocrx_word' id='word_1_235' title='bbox 199 2626 264 2667; x_wconf 78' lang='grc'><strong>36;</strong></span> <span class='ocrx_word' id='word_1_236' title='bbox 282 2626 455 2670; x_wconf 80' lang='lat' dir='ltr'><strong>xxxlv,</strong></span> <span class='ocrx_word' id='word_1_237' title='bbox 471 2628 513 2662; x_wconf 81' lang='lat'><strong>53</strong></span> <span class='ocrx_word' id='word_1_238' title='bbox 527 2642 538 2670; x_wconf 80' lang='lat'>3</span> <span class='ocrx_word' id='word_1_239' title='bbox 552 2628 619 2664; x_wconf 70' lang='lat' dir='ltr'><strong>sec}</strong></span> <span class='ocrx_word' id='word_1_240' title='bbox 627 2629 755 2664; x_wconf 84' lang='lat' dir='ltr'><strong>Noster</strong></span> <span class='ocrx_word' id='word_1_241' title='bbox 766 2629 872 2664; x_wconf 82' lang='lat' dir='ltr'><strong>etiam</strong></span> 
     </span>
     <span class='ocr_line' id='line_1_44' title="bbox 201 2678 874 2724; baseline 0.009 -14"><span class='ocrx_word' id='word_1_242' title='bbox 201 2678 249 2721; x_wconf 82' lang='lat' dir='ltr'><strong>V,</strong></span> <span class='ocrx_word' id='word_1_243' title='bbox 264 2690 327 2724; x_wconf 78' lang='lat'><strong>7²⁰</strong></span> <span class='ocrx_word' id='word_1_244' title='bbox 338 2703 348 2720; x_wconf 90' lang='lat'><em>‚</em></span> <span class='ocrx_word' id='word_1_245' title='bbox 364 2678 454 2714; x_wconf 80' lang='lat' dir='ltr'>VIII</span> <span class='ocrx_word' id='word_1_246' title='bbox 466 2679 615 2716; x_wconf 71' lang='lat' dir='ltr'><strong>Kalend.</strong></span> <span class='ocrx_word' id='word_1_247' title='bbox 625 2681 712 2716; x_wconf 85' lang='lat' dir='ltr'><strong>Jun.</strong></span> <span class='ocrx_word' id='word_1_248' title='bbox 721 2682 874 2715; x_wconf 73' lang='lat' dir='ltr'><strong>Formae</strong></span> 
     </span>
     <span class='ocr_line' id='line_1_45' title="bbox 201 2730 875 2776; baseline 0.004 -11"><span class='ocrx_word' id='word_1_249' title='bbox 201 2731 348 2765; x_wconf 75' lang='lat' dir='ltr'><strong>Publice</strong></span> <span class='ocrx_word' id='word_1_250' title='bbox 363 2730 532 2776; x_wconf 85' lang='lat' dir='ltr'><strong>templum</strong></span> <span class='ocrx_word' id='word_1_251' title='bbox 543 2731 665 2767; x_wconf 78' lang='lat' dir='ltr'><strong>datum</strong></span> <span class='ocrx_word' id='word_1_252' title='bbox 677 2741 814 2775; x_wconf 84' lang='lat' dir='ltr'><strong>narrat;</strong></span> <span class='ocrx_word' id='word_1_253' title='bbox 827 2740 875 2768; x_wconf 84' lang='lat' dir='ltr'><strong>at·</strong></span> 
     </span>
    </p>
   </div>
   <div class='ocr_carea' id='block_1_10' title="bbox 922 1118 1616 2783">
    <p class='ocr_par' dir='ltr' id='par_1_12' title="bbox 922 1118 1612 2507">
     <span class='ocr_line' id='line_1_46' title="bbox 924 1118 1600 1167; baseline -0.006 -11"><span class='ocrx_word' id='word_1_254' title='bbox 924 1135 991 1167; x_wconf 89' lang='lat' dir='ltr'><strong>que</strong></span> <span class='ocrx_word' id='word_1_255' title='bbox 1003 1121 1051 1156; x_wconf 80' lang='lat' dir='ltr'><strong>ita</strong></span> <span class='ocrx_word' id='word_1_256' title='bbox 1063 1147 1072 1164; x_wconf 92' lang='lat'>,</span> <span class='ocrx_word' id='word_1_257' title='bbox 1090 1128 1127 1156; x_wconf 86' lang='lat' dir='ltr'><strong>et</strong></span> <span class='ocrx_word' id='word_1_258' title='bbox 1138 1120 1264 1155; x_wconf 85' lang='lat' dir='ltr'><strong>eodem</strong></span> <span class='ocrx_word' id='word_1_259' title='bbox 1276 1119 1332 1154; x_wconf 82' lang='lat' dir='ltr'><strong>die</strong></span> <span class='ocrx_word' id='word_1_260' title='bbox 1345 1118 1600 1154; x_wconf 84' lang='lat' dir='ltr'><strong>Kalendarium</strong></span> 
     </span>
     <span class='ocr_line' id='line_1_47' title="bbox 922 1169 1603 1215; baseline -0.006 -8"><span class='ocrx_word' id='word_1_261' title='bbox 922 1180 1023 1207; x_wconf 81' lang='lat' dir='ltr'><strong>vetus</strong></span> <span class='ocrx_word' id='word_1_262' title='bbox 1040 1199 1050 1215; x_wconf 94' lang='lat'>,</span> <span class='ocrx_word' id='word_1_263' title='bbox 1076 1172 1136 1206; x_wconf 89' lang='lat' dir='ltr'><strong>ubi</strong></span> <span class='ocrx_word' id='word_1_264' title='bbox 1161 1170 1382 1206; x_wconf 60' lang='lat' dir='ltr'>FORTVN</span> <span class='ocrx_word' id='word_1_265' title='bbox 1407 1169 1603 1205; x_wconf 52' lang='lat' dir='ltr'>PN&#39;BLIC.</span> 
     </span>
     <span class='ocr_line' id='line_1_48' title="bbox 925 1220 1604 1266; baseline -0.004 -7"><span class='ocrx_word' id='word_1_266' title='bbox 925 1225 1001 1259; x_wconf 84' lang='lat' dir='ltr'><strong>PR.</strong></span> <span class='ocrx_word' id='word_1_267' title='bbox 1028 1225 1081 1260; x_wconf 86' lang='lat' dir='ltr'><strong>IN</strong></span> <span class='ocrx_word' id='word_1_268' title='bbox 1110 1223 1252 1259; x_wconf 89' lang='lat' dir='ltr'><strong>COLL.</strong></span> <span class='ocrx_word' id='word_1_269' title='bbox 1274 1223 1309 1257; x_wconf 88' lang='lat' dir='ltr'><strong>id</strong></span> <span class='ocrx_word' id='word_1_270' title='bbox 1331 1230 1384 1258; x_wconf 84' lang='lat' dir='ltr'><strong>est</strong></span> <span class='ocrx_word' id='word_1_271' title='bbox 1402 1249 1412 1266; x_wconf 91' lang='lat'><strong><em>‚</em></strong></span> <span class='ocrx_word' id='word_1_272' title='bbox 1445 1220 1604 1257; x_wconf 68' lang='lat' dir='ltr'><strong>Fortuna</strong></span> 
     </span>
     <span class='ocr_line' id='line_1_49' title="bbox 924 1276 1602 1322; baseline -0.003 -11"><span class='ocrx_word' id='word_1_273' title='bbox 924 1278 1067 1312; x_wconf 77' lang='lat' dir='ltr'><strong>Publica</strong></span> <span class='ocrx_word' id='word_1_274' title='bbox 1085 1277 1299 1322; x_wconf 61' lang='lat' dir='ltr'><strong>Primigenia</strong></span> <span class='ocrx_word' id='word_1_275' title='bbox 1324 1277 1359 1310; x_wconf 80' lang='lat' dir='ltr'><strong>in</strong></span> <span class='ocrx_word' id='word_1_276' title='bbox 1383 1276 1480 1311; x_wconf 71' lang='lat' dir='ltr'><strong>colle.</strong></span> <span class='ocrx_word' id='word_1_277' title='bbox 1505 1276 1602 1310; x_wconf 82' lang='lat' dir='ltr'><strong>Hinc</strong></span> 
     </span>
     <span class='ocr_line' id='line_1_50' title="bbox 925 1327 1604 1373; baseline -0.001 -11"><span class='ocrx_word' id='word_1_278' title='bbox 925 1328 1087 1373; x_wconf 80' lang='lat' dir='ltr'><strong>Neapolis</strong></span> <span class='ocrx_word' id='word_1_279' title='bbox 1097 1329 1258 1373; x_wconf 78' lang='lat' dir='ltr'><strong>conjicit,</strong></span> <span class='ocrx_word' id='word_1_280' title='bbox 1270 1327 1356 1362; x_wconf 82' lang='lat' dir='ltr'><strong>duas</strong></span> <span class='ocrx_word' id='word_1_281' title='bbox 1365 1327 1542 1362; x_wconf 74' lang='lat' dir='ltr'><strong>Fortunas</strong></span> <span class='ocrx_word' id='word_1_282' title='bbox 1553 1328 1604 1361; x_wconf 89' lang='lat' dir='ltr'><strong>in-</strong></span> 
     </span>
     <span class='ocr_line' id='line_1_51' title="bbox 923 1379 1602 1425; baseline 0.003 -13"><span class='ocrx_word' id='word_1_283' title='bbox 923 1379 1029 1424; x_wconf 80' lang='lat' dir='ltr'><strong>telligi</strong></span> <span class='ocrx_word' id='word_1_284' title='bbox 1041 1406 1051 1421; x_wconf 86' lang='lat'>,</span> <span class='ocrx_word' id='word_1_285' title='bbox 1067 1393 1217 1425; x_wconf 78' lang='lat' dir='ltr'><strong>quarum</strong></span> <span class='ocrx_word' id='word_1_286' title='bbox 1235 1382 1342 1414; x_wconf 83' lang='lat' dir='ltr'><strong>altera</strong></span> <span class='ocrx_word' id='word_1_287' title='bbox 1356 1382 1500 1414; x_wconf 79' lang='lat' dir='ltr'><strong>Publica</strong></span> <span class='ocrx_word' id='word_1_288' title='bbox 1514 1387 1602 1414; x_wconf 85' lang='lat' dir='ltr'><strong>tan-</strong></span> 
     </span>
     <span class='ocr_line' id='line_1_52' title="bbox 923 1431 1605 1476; baseline 0.003 -12"><span class='ocrx_word' id='word_1_289' title='bbox 923 1436 1001 1464; x_wconf 61' lang='lat' dir='ltr'><strong>tum</strong></span> <span class='ocrx_word' id='word_1_290' title='bbox 1019 1431 1063 1465; x_wconf 83' lang='lat' dir='ltr'><strong>sit</strong></span> <span class='ocrx_word' id='word_1_291' title='bbox 1080 1431 1170 1466; x_wconf 75' lang='lat' dir='ltr'><strong>dicta</strong></span> <span class='ocrx_word' id='word_1_292' title='bbox 1183 1457 1194 1474; x_wconf 87' lang='lat'>‚</span> <span class='ocrx_word' id='word_1_293' title='bbox 1218 1432 1325 1466; x_wconf 86' lang='lat' dir='ltr'><strong>altera</strong></span> <span class='ocrx_word' id='word_1_294' title='bbox 1344 1439 1381 1466; x_wconf 85' lang='lat' dir='ltr'><strong>et</strong></span> <span class='ocrx_word' id='word_1_295' title='bbox 1399 1433 1605 1476; x_wconf 75' lang='lat' dir='ltr'><strong>Primigenia</strong></span> 
     </span>
     <span class='ocr_line' id='line_1_53' title="bbox 924 1485 1601 1529; baseline 0.006 -13"><span class='ocrx_word' id='word_1_296' title='bbox 924 1486 1129 1526; x_wconf 72' lang='lat' dir='ltr'><strong>etPublica3</strong></span> <span class='ocrx_word' id='word_1_297' title='bbox 1142 1485 1363 1529; x_wconf 81' lang='lat' dir='ltr'><strong>hujusaedem</strong></span> <span class='ocrx_word' id='word_1_298' title='bbox 1373 1499 1493 1521; x_wconf 87' lang='lat' dir='ltr'><strong>mense</strong></span> <span class='ocrx_word' id='word_1_299' title='bbox 1503 1486 1601 1520; x_wconf 86' lang='lat' dir='ltr'><strong>Maio</strong></span> 
     </span>
     <span class='ocr_line' id='line_1_54' title="bbox 924 1535 1603 1583; baseline 0.004 -14"><span class='ocrx_word' id='word_1_300' title='bbox 924 1548 997 1570; x_wconf 84' lang='lat' dir='ltr'><strong>esse</strong></span> <span class='ocrx_word' id='word_1_301' title='bbox 1014 1535 1209 1571; x_wconf 72' lang='lat' dir='ltr'><strong>dedicatam</strong></span> <span class='ocrx_word' id='word_1_302' title='bbox 1223 1563 1234 1580; x_wconf 88' lang='lat'>,</span> <span class='ocrx_word' id='word_1_303' title='bbox 1253 1538 1344 1572; x_wconf 84' lang='lat' dir='ltr'><strong>illius</strong></span> <span class='ocrx_word' id='word_1_304' title='bbox 1363 1538 1486 1583; x_wconf 86' lang='lat' dir='ltr'><strong>Aprili.</strong></span> <span class='ocrx_word' id='word_1_305' title='bbox 1504 1540 1603 1573; x_wconf 84' lang='lat' dir='ltr'><strong>Ver-</strong></span> 
     </span>
     <span class='ocr_line' id='line_1_55' title="bbox 924 1587 1603 1625; baseline 0.004 -5"><span class='ocrx_word' id='word_1_306' title='bbox 924 1587 996 1621; x_wconf 83' lang='lat' dir='ltr'><strong>rius</strong></span> <span class='ocrx_word' id='word_1_307' title='bbox 1008 1600 1016 1621; x_wconf 75' lang='lat'>2</span> <span class='ocrx_word' id='word_1_308' title='bbox 1026 1589 1122 1622; x_wconf 84' lang='lat' dir='ltr'><strong>Ludi</strong></span> <span class='ocrx_word' id='word_1_309' title='bbox 1128 1591 1281 1623; x_wconf 75' lang='lat' dir='ltr'><strong>Formae</strong></span> <span class='ocrx_word' id='word_1_310' title='bbox 1293 1591 1443 1625; x_wconf 76' lang='lat' dir='ltr'><strong>Publice</strong></span> <span class='ocrx_word' id='word_1_311' title='bbox 1455 1594 1603 1625; x_wconf 83' lang='lat' dir='ltr'><strong>citerio...</strong></span> 
     </span>
     <span class='ocr_line' id='line_1_56' title="bbox 923 1640 1598 1687; baseline 0.009 -16"><span class='ocrx_word' id='word_1_312' title='bbox 923 1641 962 1672; x_wconf 78' lang='lat' dir='ltr'><strong>in</strong></span> <span class='ocrx_word' id='word_1_313' title='bbox 983 1642 1078 1673; x_wconf 77' lang='lat' dir='ltr'><strong>colle.</strong></span> <span class='ocrx_word' id='word_1_314' title='bbox 1106 1640 1252 1686; x_wconf 81' lang='lat' dir='ltr'><strong>Foggin.</strong></span> <span class='ocrx_word' id='word_1_315' title='bbox 1272 1642 1412 1687; x_wconf 77' lang='lat' dir='ltr'><strong>supplet</strong></span> <span class='ocrx_word' id='word_1_316' title='bbox 1431 1645 1598 1683; x_wconf 64' lang='lat' dir='ltr'><strong>ciaenhri,</strong></span> 
     </span>
     <span class='ocr_line' id='line_1_57' title="bbox 925 1689 1604 1736; baseline 0.009 -13"><span class='ocrx_word' id='word_1_317' title='bbox 925 1689 1031 1735; x_wconf 83' lang='lat' dir='ltr'><strong>idque</strong></span> <span class='ocrx_word' id='word_1_318' title='bbox 1041 1690 1149 1726; x_wconf 80' lang='lat' dir='ltr'><strong>refert</strong></span> <span class='ocrx_word' id='word_1_319' title='bbox 1160 1692 1202 1726; x_wconf 87' lang='lat' dir='ltr'><strong>ad</strong></span> <span class='ocrx_word' id='word_1_320' title='bbox 1214 1694 1411 1736; x_wconf 55' lang='lat' dir='ltr'><strong>Fortunam·</strong></span> <span class='ocrx_word' id='word_1_321' title='bbox 1424 1696 1604 1729; x_wconf 66' lang='lat' dir='ltr'><strong>Fortunam</strong></span> 
     </span>
     <span class='ocr_line' id='line_1_58' title="bbox 926 1745 1603 1791; baseline 0.012 -17"><span class='ocrx_word' id='word_1_322' title='bbox 926 1748 1045 1775; x_wconf 79' lang='lat' dir='ltr'><strong>autem</strong></span> <span class='ocrx_word' id='word_1_323' title='bbox 1061 1746 1243 1778; x_wconf 79' lang='lat' dir='ltr'><strong>citeriorem</strong></span> <span class='ocrx_word' id='word_1_324' title='bbox 1261 1745 1357 1779; x_wconf 85' lang='lat' dir='ltr'><strong>intel.</strong></span> <span class='ocrx_word' id='word_1_325' title='bbox 1376 1758 1476 1789; x_wconf 82' lang='lat' dir='ltr'><strong>eam,</strong></span> <span class='ocrx_word' id='word_1_326' title='bbox 1496 1759 1603 1791; x_wconf 83' lang='lat' dir='ltr'><strong>quam</strong></span> 
     </span>
     <span class='ocr_line' id='line_1_59' title="bbox 928 1793 1604 1841; baseline 0.01 -14"><span class='ocrx_word' id='word_1_327' title='bbox 928 1793 1135 1830; x_wconf 74' lang='lat' dir='ltr'><strong>Plutarchus</strong></span> <span class='ocrx_word' id='word_1_328' title='bbox 1146 1821 1155 1838; x_wconf 87' lang='lat'>‚</span> <span class='ocrx_word' id='word_1_329' title='bbox 1177 1796 1373 1841; x_wconf 59' lang='lat' dir='ltr'><strong>Qumtion.</strong></span> <span class='ocrx_word' id='word_1_330' title='bbox 1382 1808 1385 1813; x_wconf 72' lang='grc'><em>’</em></span> <span class='ocrx_word' id='word_1_331' title='bbox 1393 1798 1545 1833; x_wconf 86' lang='lat' dir='ltr'><strong>Roman.</strong></span> <span class='ocrx_word' id='word_1_332' title='bbox 1562 1812 1604 1834; x_wconf 80' lang='lat' dir='ltr'><strong>ex</strong></span> 
     </span>
     <span class='ocr_line' id='line_1_60' title="bbox 926 1846 1605 1899; baseline 0.01 -22"><span class='ocrx_word' id='word_1_333' title='bbox 926 1858 1011 1880; x_wconf 84' lang='lat' dir='ltr'><strong>voce</strong></span> <span class='ocrx_word' id='word_1_334' title='bbox 1031 1846 1138 1882; x_wconf 84' lang='lat' dir='ltr'><strong>latina</strong></span> <span class='ocrx_word' id='word_1_335' title='bbox 1162 1849 1282 1882; x_wconf 68' lang='lat' dir='ltr'><strong>Brevis</strong></span> <span class='ocrx_word' id='word_1_336' title='bbox 1297 1852 1410 1899; x_wconf 71' lang='lat' dir='ltr'><strong>Bps&#39;th.</strong></span> <span class='ocrx_word' id='word_1_337' title='bbox 1431 1851 1546 1886; x_wconf 79' lang='lat' dir='ltr'><strong>vertit.</strong></span> <span class='ocrx_word' id='word_1_338' title='bbox 1559 1869 1605 1878; x_wconf 86' lang='lat'>—</span> 
     </span>
     <span class='ocr_line' id='line_1_61' title="bbox 927 1897 1605 1948; baseline 0.012 -17"><span class='ocrx_word' id='word_1_339' title='bbox 927 1897 1023 1933; x_wconf 88' lang='lat' dir='ltr'><strong>Male</strong></span> <span class='ocrx_word' id='word_1_340' title='bbox 1051 1901 1187 1942; x_wconf 74' lang='lat' dir='ltr'><strong>Quirini</strong></span> <span class='ocrx_word' id='word_1_341' title='bbox 1207 1901 1376 1937; x_wconf 78' lang='lat' dir='ltr'><strong>Heinsius</strong></span> <span class='ocrx_word' id='word_1_342' title='bbox 1399 1905 1438 1937; x_wconf 84' lang='lat' dir='ltr'><strong>in</strong></span> <span class='ocrx_word' id='word_1_343' title='bbox 1466 1906 1605 1948; x_wconf 82' lang='lat' dir='ltr'><strong>Quirino</strong></span> 
     </span>
     <span class='ocr_line' id='line_1_62' title="bbox 926 1953 1604 2000; baseline 0.012 -15"><span class='ocrx_word' id='word_1_344' title='bbox 926 1959 1045 1987; x_wconf 80' lang='lat' dir='ltr'><strong>censet</strong></span> <span class='ocrx_word' id='word_1_345' title='bbox 1066 1953 1277 1988; x_wconf 76' lang='lat' dir='ltr'><strong>mutandum</strong></span> <span class='ocrx_word' id='word_1_346' title='bbox 1291 1981 1302 1997; x_wconf 91' lang='lat'>,</span> <span class='ocrx_word' id='word_1_347' title='bbox 1326 1955 1407 2000; x_wconf 78' lang='lat' dir='ltr'><strong>quia</strong></span> <span class='ocrx_word' id='word_1_348' title='bbox 1427 1956 1476 1991; x_wconf 73' lang='lat' dir='ltr'><strong>sic</strong></span> <span class='ocrx_word' id='word_1_349' title='bbox 1497 1957 1604 1992; x_wconf 72' lang='lat' dir='ltr'><strong>etiam</strong></span> 
     </span>
     <span class='ocr_line' id='line_1_63' title="bbox 929 2004 1603 2055; baseline 0.009 -17"><span class='ocrx_word' id='word_1_350' title='bbox 929 2004 1020 2038; x_wconf 87' lang='lat' dir='ltr'><strong>XIV</strong></span> <span class='ocrx_word' id='word_1_351' title='bbox 1036 2005 1127 2039; x_wconf 75' lang='lat' dir='ltr'><strong>Met.</strong></span> <span class='ocrx_word' id='word_1_352' title='bbox 1145 2006 1231 2046; x_wconf 59' lang='lat'><strong>83&amp;</strong></span> <span class='ocrx_word' id='word_1_353' title='bbox 1250 2007 1375 2042; x_wconf 75' lang='lat' dir='ltr'><strong>Horat.</strong></span> <span class='ocrx_word' id='word_1_354' title='bbox 1392 2008 1451 2051; x_wconf 90' lang='lat'><strong>11,</strong></span> <span class='ocrx_word' id='word_1_355' title='bbox 1471 2009 1534 2055; x_wconf 87' lang='lat' dir='ltr'><strong>Ep.</strong></span> <span class='ocrx_word' id='word_1_356' title='bbox 1554 2023 1603 2044; x_wconf 83' lang='lat' dir='ltr'><strong>u.</strong></span> 
     </span>
     <span class='ocr_line' id='line_1_64' title="bbox 929 2057 1605 2096; baseline 0.012 -7"><span class='ocrx_word' id='word_1_357' title='bbox 929 2073 974 2081; x_wconf 89' lang='lat'>—</span> <span class='ocrx_word' id='word_1_358' title='bbox 985 2057 1056 2090; x_wconf 80' lang='lat' dir='ltr'><strong>Pro</strong></span> <span class='ocrx_word' id='word_1_359' title='bbox 1073 2060 1160 2092; x_wconf 62' lang='lat' dir='ltr'><strong>colle</strong></span> <span class='ocrx_word' id='word_1_360' title='bbox 1179 2059 1280 2093; x_wconf 83' lang='lat' dir='ltr'><strong>multi</strong></span> <span class='ocrx_word' id='word_1_361' title='bbox 1298 2060 1397 2095; x_wconf 87' lang='lat' dir='ltr'><strong>MSS</strong></span> <span class='ocrx_word' id='word_1_362' title='bbox 1413 2074 1454 2095; x_wconf 81' lang='lat' dir='ltr'><strong>ex</strong></span> <span class='ocrx_word' id='word_1_363' title='bbox 1472 2061 1605 2096; x_wconf 81' lang='lat' dir='ltr'><strong>melio-</strong></span> 
     </span>
     <span class='ocr_line' id='line_1_65' title="bbox 930 2108 1607 2159; baseline 0.012 -18"><span class='ocrx_word' id='word_1_364' title='bbox 930 2108 1025 2142; x_wconf 84' lang='lat' dir='ltr'><strong>ribus</strong></span> <span class='ocrx_word' id='word_1_365' title='bbox 1033 2112 1142 2148; x_wconf 79' lang='lat' dir='ltr'><strong>valle,</strong></span> <span class='ocrx_word' id='word_1_366' title='bbox 1162 2110 1256 2156; x_wconf 80' lang='lat' dir='ltr'><strong>quod</strong></span> <span class='ocrx_word' id='word_1_367' title='bbox 1270 2120 1442 2158; x_wconf 81' lang='lat' dir='ltr'><strong>respuunt</strong></span> <span class='ocrx_word' id='word_1_368' title='bbox 1452 2140 1462 2156; x_wconf 91' lang='lat'><em>,</em></span> <span class='ocrx_word' id='word_1_369' title='bbox 1478 2115 1559 2159; x_wconf 86' lang='lat' dir='ltr'><strong>quia</strong></span> <span class='ocrx_word' id='word_1_370' title='bbox 1570 2121 1607 2149; x_wconf 84' lang='lat' dir='ltr'><strong>et</strong></span> 
     </span>
     <span class='ocr_line' id='line_1_66' title="bbox 931 2158 1609 2208; baseline 0.012 -17"><span class='ocrx_word' id='word_1_371' title='bbox 931 2158 1005 2192; x_wconf 64' lang='lat' dir='ltr'><strong>lin.</strong></span> <span class='ocrx_word' id='word_1_372' title='bbox 1024 2158 1119 2194; x_wconf 72' lang='lat' dir='ltr'><strong>dieto</strong></span> <span class='ocrx_word' id='word_1_373' title='bbox 1138 2161 1214 2196; x_wconf 79' lang='lat' dir='ltr'><strong>loco</strong></span> <span class='ocrx_word' id='word_1_374' title='bbox 1230 2188 1240 2205; x_wconf 91' lang='lat'>‚</span> <span class='ocrx_word' id='word_1_375' title='bbox 1261 2166 1379 2197; x_wconf 73' lang='lat' dir='ltr'><strong>collem</strong></span> <span class='ocrx_word' id='word_1_376' title='bbox 1403 2166 1609 2208; x_wconf 73' lang='lat' dir='ltr'><strong>Quirinalem</strong></span> 
     </span>
     <span class='ocr_line' id='line_1_67' title="bbox 932 2213 1609 2254; baseline 0.012 -10"><span class='ocrx_word' id='word_1_377' title='bbox 932 2217 1128 2254; x_wconf 83' lang='lat' dir='ltr'><strong>memorat,</strong></span> <span class='ocrx_word' id='word_1_378' title='bbox 1146 2219 1182 2246; x_wconf 81' lang='lat' dir='ltr'><strong>et</strong></span> <span class='ocrx_word' id='word_1_379' title='bbox 1198 2213 1320 2250; x_wconf 77' lang='lat' dir='ltr'><strong>Festus</strong></span> <span class='ocrx_word' id='word_1_380' title='bbox 1337 2215 1450 2251; x_wconf 75' lang='lat' dir='ltr'><strong>Rufus</strong></span> <span class='ocrx_word' id='word_1_381' title='bbox 1466 2216 1510 2251; x_wconf 85' lang='lat' dir='ltr'><strong>de</strong></span> <span class='ocrx_word' id='word_1_382' title='bbox 1528 2217 1609 2252; x_wconf 83' lang='lat' dir='ltr'><strong>Re-</strong></span> 
     </span>
     <span class='ocr_line' id='line_1_68' title="bbox 933 2263 1610 2308; baseline 0.013 -13"><span class='ocrx_word' id='word_1_383' title='bbox 933 2263 1093 2308; x_wconf 85' lang='lat' dir='ltr'><strong>giouibus</strong></span> <span class='ocrx_word' id='word_1_384' title='bbox 1111 2264 1242 2300; x_wconf 81' lang='lat' dir='ltr'><strong>Urbis:</strong></span> <span class='ocrx_word' id='word_1_385' title='bbox 1257 2269 1345 2302; x_wconf 71' lang='lat' dir='ltr'><strong>edes</strong></span> <span class='ocrx_word' id='word_1_386' title='bbox 1362 2270 1518 2303; x_wconf 73' lang='lat' dir='ltr'><strong>Fortuna·</strong></span> <span class='ocrx_word' id='word_1_387' title='bbox 1530 2270 1610 2303; x_wconf 77' lang='lat' dir='ltr'><strong>Pn-</strong></span> 
     </span>
     <span class='ocr_line' id='line_1_69' title="bbox 932 2317 1611 2356; baseline 0.012 -9"><span class='ocrx_word' id='word_1_388' title='bbox 932 2318 1027 2348; x_wconf 78' lang='lat' dir='ltr'><strong>blicae</strong></span> <span class='ocrx_word' id='word_1_389' title='bbox 1043 2318 1080 2349; x_wconf 78' lang='lat' dir='ltr'><strong>in</strong></span> <span class='ocrx_word' id='word_1_390' title='bbox 1095 2318 1191 2351; x_wconf 81' lang='lat' dir='ltr'><strong>colle.</strong></span> <span class='ocrx_word' id='word_1_391' title='bbox 1212 2317 1284 2353; x_wconf 86' lang='lat' dir='ltr'><strong>Sed</strong></span> <span class='ocrx_word' id='word_1_392' title='bbox 1301 2319 1328 2353; x_wconf 83' lang='lat' dir='ltr'><strong>si</strong></span> <span class='ocrx_word' id='word_1_393' title='bbox 1349 2319 1427 2354; x_wconf 78' lang='lat' dir='ltr'><strong>duae</strong></span> <span class='ocrx_word' id='word_1_394' title='bbox 1443 2320 1611 2356; x_wconf 62' lang='lat' dir='ltr'><strong>Fortuna</strong></span> 
     </span>
     <span class='ocr_line' id='line_1_70' title="bbox 934 2367 1610 2413; baseline 0.013 -13"><span class='ocrx_word' id='word_1_395' title='bbox 934 2367 1086 2402; x_wconf 77' lang='lat' dir='ltr'><strong>Publicae</strong></span> <span class='ocrx_word' id='word_1_396' title='bbox 1105 2368 1206 2402; x_wconf 71' lang='lat' dir='ltr'><strong>culte</strong></span> <span class='ocrx_word' id='word_1_397' title='bbox 1225 2377 1331 2413; x_wconf 82' lang='lat' dir='ltr'><strong>sunt,</strong></span> <span class='ocrx_word' id='word_1_398' title='bbox 1354 2371 1496 2407; x_wconf 80' lang='lat' dir='ltr'><strong>alterius</strong></span> <span class='ocrx_word' id='word_1_399' title='bbox 1511 2379 1610 2408; x_wconf 85' lang='lat' dir='ltr'><strong>tem-</strong></span> 
     </span>
     <span class='ocr_line' id='line_1_71' title="bbox 933 2420 1612 2469; baseline 0.013 -16"><span class='ocrx_word' id='word_1_400' title='bbox 933 2420 1031 2465; x_wconf 77' lang='lat' dir='ltr'><strong>plum</strong></span> <span class='ocrx_word' id='word_1_401' title='bbox 1051 2421 1087 2454; x_wconf 88' lang='lat' dir='ltr'><strong>in</strong></span> <span class='ocrx_word' id='word_1_402' title='bbox 1105 2423 1196 2455; x_wconf 83' lang='lat' dir='ltr'><strong>valle</strong></span> <span class='ocrx_word' id='word_1_403' title='bbox 1214 2434 1288 2457; x_wconf 84' lang='lat' dir='ltr'><strong>esse</strong></span> <span class='ocrx_word' id='word_1_404' title='bbox 1309 2424 1446 2469; x_wconf 74' lang='lat' dir='ltr'><strong>potuit,</strong></span> <span class='ocrx_word' id='word_1_405' title='bbox 1472 2425 1612 2462; x_wconf 80' lang='lat' dir='ltr'><strong>alterius</strong></span> 
     </span>
     <span class='ocr_line' id='line_1_72' title="bbox 934 2473 1083 2507; baseline 0 -1"><span class='ocrx_word' id='word_1_406' title='bbox 934 2473 970 2506; x_wconf 83' lang='lat' dir='ltr'><strong>&#39;m</strong></span> <span class='ocrx_word' id='word_1_407' title='bbox 987 2475 1083 2507; x_wconf 85' lang='lat' dir='ltr'><strong>colle.</strong></span> 
     </span>
    </p>

    <p class='ocr_par' dir='ltr' id='par_1_13' title="bbox 935 2525 1616 2783">
     <span class='ocr_line' id='line_1_73' title="bbox 978 2525 1613 2575; baseline 0.009 -16"><span class='ocrx_word' id='word_1_408' title='bbox 978 2526 1053 2570; x_wconf 84' lang='lat'><strong>377.</strong></span> <span class='ocrx_word' id='word_1_409' title='bbox 1077 2525 1211 2560; x_wconf 80' lang='lat' dir='ltr'><strong>Locum</strong></span> <span class='ocrx_word' id='word_1_410' title='bbox 1237 2539 1310 2572; x_wconf 80' lang='lat' dir='ltr'><strong>seq.</strong></span> <span class='ocrx_word' id='word_1_411' title='bbox 1335 2527 1427 2563; x_wconf 75' lang='lat' dir='ltr'><strong>bene</strong></span> <span class='ocrx_word' id='word_1_412' title='bbox 1449 2529 1613 2575; x_wconf 68' lang='lat' dir='ltr'><strong>explicarit</strong></span> 
     </span>
     <span class='ocr_line' id='line_1_74' title="bbox 936 2575 1612 2616; baseline 0.01 -7"><span class='ocrx_word' id='word_1_413' title='bbox 936 2575 1090 2611; x_wconf 77' lang='lat' dir='ltr'><strong>Masson.</strong></span> <span class='ocrx_word' id='word_1_414' title='bbox 1106 2577 1144 2611; x_wconf 86' lang='lat' dir='ltr'><strong>in</strong></span> <span class='ocrx_word' id='word_1_415' title='bbox 1162 2577 1244 2612; x_wconf 83' lang='lat' dir='ltr'><strong>Vita</strong></span> <span class='ocrx_word' id='word_1_416' title='bbox 1260 2578 1381 2613; x_wconf 83' lang='lat' dir='ltr'><strong>Ovidii</strong></span> <span class='ocrx_word' id='word_1_417' title='bbox 1398 2579 1442 2613; x_wconf 84' lang='lat' dir='ltr'><strong>ad</strong></span> <span class='ocrx_word' id='word_1_418' title='bbox 1458 2592 1515 2614; x_wconf 90' lang='lat' dir='ltr'><strong>an.</strong></span> <span class='ocrx_word' id='word_1_419' title='bbox 1532 2593 1566 2615; x_wconf 87' lang='lat' dir='ltr'><strong>u.</strong></span> <span class='ocrx_word' id='word_1_420' title='bbox 1582 2594 1612 2616; x_wconf 73' lang='lat' dir='ltr'><strong>c.</strong></span> 
     </span>
     <span class='ocr_line' id='line_1_75' title="bbox 937 2629 1614 2680; baseline 0.012 -18"><span class='ocrx_word' id='word_1_421' title='bbox 937 2629 1010 2675; x_wconf 74' lang='lat'><strong>73².</strong></span> <span class='ocrx_word' id='word_1_422' title='bbox 1030 2631 1144 2664; x_wconf 56' lang='lat' dir='ltr'><strong>Tema</strong></span> <span class='ocrx_word' id='word_1_423' title='bbox 1155 2633 1235 2670; x_wconf 68' lang='lat'><strong>122.</strong></span> <span class='ocrx_word' id='word_1_424' title='bbox 1259 2630 1332 2667; x_wconf 79' lang='lat' dir='ltr'><strong>dies</strong></span> <span class='ocrx_word' id='word_1_425' title='bbox 1348 2633 1471 2668; x_wconf 84' lang='lat' dir='ltr'><strong>tertius</strong></span> <span class='ocrx_word' id='word_1_426' title='bbox 1487 2635 1614 2680; x_wconf 79' lang='lat' dir='ltr'><strong>Mega-</strong></span> 
     </span>
     <span class='ocr_line' id='line_1_76' title="bbox 935 2682 1611 2732; baseline 0.01 -16"><span class='ocrx_word' id='word_1_427' title='bbox 935 2682 1085 2717; x_wconf 77' lang='lat' dir='ltr'><strong>lensium</strong></span> <span class='ocrx_word' id='word_1_428' title='bbox 1108 2683 1179 2727; x_wconf 66' lang='lat' dir='ltr'><strong>sive</strong></span> <span class='ocrx_word' id='word_1_429' title='bbox 1205 2684 1228 2719; x_wconf 85' lang='grc'><strong>6</strong></span> <span class='ocrx_word' id='word_1_430' title='bbox 1255 2684 1329 2721; x_wconf 83' lang='lat' dir='ltr'><strong>dies</strong></span> <span class='ocrx_word' id='word_1_431' title='bbox 1359 2685 1511 2732; x_wconf 79' lang='lat' dir='ltr'><strong>Aprilis,</strong></span> <span class='ocrx_word' id='word_1_432' title='bbox 1535 2701 1611 2723; x_wconf 87' lang='lat' dir='ltr'><strong>non</strong></span> 
     </span>
     <span class='ocr_line' id='line_1_77' title="bbox 936 2735 1616 2783; baseline 0.01 -15"><span class='ocrx_word' id='word_1_433' title='bbox 936 2741 1055 2770; x_wconf 77' lang='lat' dir='ltr'><strong>autem</strong></span> <span class='ocrx_word' id='word_1_434' title='bbox 1069 2735 1191 2771; x_wconf 83' lang='lat' dir='ltr'><strong>tertius</strong></span> <span class='ocrx_word' id='word_1_435' title='bbox 1207 2737 1250 2771; x_wconf 87' lang='lat' dir='ltr'><strong>ab</strong></span> <span class='ocrx_word' id='word_1_436' title='bbox 1266 2737 1345 2783; x_wconf 83' lang='lat' dir='ltr'><strong>ipsis</strong></span> <span class='ocrx_word' id='word_1_437' title='bbox 1362 2738 1482 2774; x_wconf 76' lang='lat' dir='ltr'><strong>Nouis.</strong></span> <span class='ocrx_word' id='word_1_438' title='bbox 1500 2739 1534 2774; x_wconf 82' lang='lat' dir='ltr'><strong>Is</strong></span> <span class='ocrx_word' id='word_1_439' title='bbox 1543 2746 1616 2775; x_wconf 78' lang='lat' dir='ltr'><strong>erat</strong></span> 
     </span>
    </p>
   </div>
  </div>
 </body>
</html>
