1826 3054
527 234 594 277 ιΝ
636 233 875 277 ovum
909 230 1196 277 FAsTos.
1485 236 1570 296 507

335 355 455 390 Altera
471 366 549 400 pars
569 352 684 397 Circi,
699 352 841 389 custode
855 353 919 389 sub
935 352 1091 388 Hercule
1108 359 1183 388 tuta
1199 360 1261 389 est.

417 415 456 452 Si
470 415 587 451 titulos
603 415 728 460 quaeris
741 440 751 458 ‚
768 415 864 462 Sylla
873 417 1030 459 probavit
1047 427 1140 459 opus.

222 519 322 568 Huc
343 506 537 567 referunt
553 517 700 566 locum
721 515 944 566 Plutarch.
961 514 1081 581 Sylla
1103 514 1164 563 35
1184 536 1196 564 ε
1216 515 1421 564 Ἀποθύων
1444 518 1486 563 δὲ
1508 529 1574 570 τῆς

157 601 287 651 οὐσίας
305 603 459 651 ἁπάσης
475 601 658 650 ὁΣύλλας
677 606 732 661 τῷ
746 589 946 661 Ηρπσα),ἑι
965 598 1149 653 &excit-nm
1175 614 1198 644 e
1218 614 1339 644 more
1362 596 1578 646 Romanis

154 676 258 724 satis
271 689 483 726 consueto
500 675 681 724 Herculi
699 676 923 724 bonorum
940 674 1163 723 decumam
1188 673 1422 733 offerendi,
1450 695 1575 724 eum-

154 773 238 820 que
260 755 361 804 inde
377 775 590 804 novarum
604 755 853 804 divitiarum
875 753 1239 821 acquirendarum
1265 754 1349 805 sihi
1368 755 1572 822 sperandi

150 831 393 896 adjutorem
420 839 449 881 ¹.
485 834 639 898 Quum
671 844 715 882 et
744 831 828 881 alia
856 831 951 880 loca
982 830 1188 880 accedant
1207 868 1220 888 ‚
1256 830 1335 878 ubi
1361 830 1575 880 Hercules

149 920 358 975 tanquam
395 909 578 968 divitiis,
604 909 716 958 sorti
737 920 782 958 et
799 908 989 957 fortunae
1014 908 1278 975 praepositus
1301 901 1506 974 adparet,
1531 921 1576 956 et

150 1005 285 1051 quum
307 999 473 1036 veteres
497 999 540 1035 et
565 987 743 1054 quidam
763 986 1031 1036 recentiores
1052 986 1140 1052 jam
1162 986 1244 1035 hac
1267 985 1322 1033 de
1344 1006 1390 1035 re
1416 987 1574 1052 quaesi-

149 1064 290 1112 verint
302 1103 314 1121 ‚
331 1067 504 1131 paucis,
520 1066 627 1133 quid
641 1066 826 1114 sentiam
838 1104 850 1124 ‚
868 1065 1066 1133 profiteri
1084 1065 1224 1113 liceat.
1235 1094 1287 1101 —
1308 1066 1419 1114 Post
1432 1065 1571 1132 polli-

148 1143 275 1190 cendi
305 1142 429 1191 illum
459 1162 627 1193 morem
646 1182 657 1201 ,
694 1156 901 1210 tanquam
932 1143 1182 1191 divitiarum
1211 1143 1571 1209 acquirendarum

148 1218 261 1268 viam
283 1221 586 1287 superstitiose
610 1221 815 1269 creditam
834 1258 846 1278 ,
884 1221 1077 1269 thesauri
1112 1221 1238 1269 etiam
1275 1221 1572 1270 subterranei.

147 1298 299 1347 subito
314 1311 358 1348 et
372 1311 529 1366 praeter
543 1319 666 1367 spem
681 1299 793 1348 eruti
804 1337 817 1357 ,
834 1299 927 1364 ejus
942 1298 1081 1347 favori
1098 1298 1249 1348 deberi
1268 1300 1572 1358 credebantur,

146 1387 191 1424 ct
213 1377 413 1426 universe
434 1388 485 1424 ut
508 1377 579 1425 cui
608 1376 793 1425 maxime
823 1394 893 1424 res
924 1395 1012 1424 suae
1036 1375 1221 1424 feliciter
1247 1378 1572 1442 procedebant,

144 1452 204 1499 ita
235 1451 426 1501 Hercule
461 1470 508 1500 se
539 1452 803 1501 dexterrimo
838 1452 905 1499 uti
942 1452 1148 1500 credebat
1162 1490 1174 1510 ‚
1208 1470 1396 1519 eumque
1431 1452 1573 1503 colere

145 1527 328 1579 solebat.
353 1530 453 1578 Huc
476 1529 670 1596 pertinet
692 1529 868 1577 Horatii
890 1528 1001 1577 illud
1026 1530 1116 1578 Sat.
1142 1531 1186 1578 II
1201 1568 1213 1587 ‚
1238 1542 1317 1588 VI,
1349 1548 1406 1578 10
1428 1551 1438 1579 :
1466 1533 1508 1580 Ο
1534 1534 1571 1581 si

142 1625 298 1655 urnam
321 1607 490 1670 argenti
515 1608 609 1655 fors
635 1626 730 1673 quae
754 1606 863 1654 mihi
885 1619 1100 1656 monstret
1103 1645 1287 1656 ......
1312 1607 1419 1656 dives
1441 1610 1571 1658 amico

142 1685 345 1740 IIercule;
372 1696 415 1733 et
437 1686 556 1734 Pers.
583 1686 627 1732 II
648 1722 660 1741 ‚
697 1703 715 1732 1
730 1703 747 1732 1
778 1704 788 1732 :
813 1684 908 1732 Sub
929 1680 1244 1752 rastro'crepet
1263 1686 1434 1748 argenti
1456 1687 1566 1735 mihi

143 1762 253 1810 seria
296 1761 446 1810 dextro
488 1762 670 1811 Iler-cult
698 1767 720 1810 Ι
765 1762 845 1811 ubi
882 1761 1128 1811 scholiastae
1174 1763 1531 1813 animadvertunt
1553 1803 1566 1823 ‚

148 1861 170 1880 «
187 1839 423 1887 Herculem
444 1839 690 1888 divitiarum
706 1840 936 1907 praesidem
957 1858 1063 1888 esse.
1083 1862 1106 1883 »
1132 1840 1239 1904 Quo
1264 1853 1408 1890 autem
1428 1861 1567 1900 nexu,

145 1934 293 1981 quaeso
312 1954 324 1974 ,
356 1915 441 1963 hoc
470 1915 719 1965 divitiarum
742 1916 994 1983 praesidium
1021 1935 1122 1965 cum
1143 1916 1278 1965 heroe
1303 1916 1383 1965 illo
1406 1917 1567 1985 Tiryn-

146 1992 239 2040 thio
254 2030 266 2050 ‚
297 1993 430 2042 rebus
450 1993 542 2058 ejus
563 1994 697 2056 gestis
711 2032 723 2051 ‚
754 1994 986 2042 laboribus
1010 2006 1054 2043 et
1076 1994 1277 2061 mythis?
1307 2014 1437 2062 quem
1467 2006 1564 2043 tan-

146 2090 276 2136 quam
298 2071 418 2120 Pluti
442 2084 487 2121 et
508 2073 758 2121 divitiarum
783 2072 1009 2131 inimicum
1034 2073 1130 2139 ipsa
1152 2073 1302 2122 sabula
1327 2093 1570 2142 repraesen-

145 2161 209 2196 tat
233 2151 286 2198 ²?
318 2152 440 2199 Inter
459 2163 625 2199 veteres
653 2151 742 2216 jam
764 2150 885 2199 Plut.
910 2151 1081 2215 Quaest.
1106 2171 1219 2200 rom.
1250 2151 1306 2199 18
1324 2190 1337 2211 ,
1371 2172 1421 2201 ea
1443 2153 1498 2201 de
1519 2173 1567 2202 re

144 2245 366 2293 quaerens,
395 2227 534 2278 multa
558 2240 697 2278 tentat
715 2267 727 2286 ‚
760 2247 841 2277 nec
872 2229 958 2278 sibi
987 2229 1074 2295 ipsi
1103 2229 1349 2279 satisfacere
1370 2231 1573 2289 videtur;.

143 2301 256 2350 conf.
282 2302 519 2352 Wieland.
539 2304 594 2353 ad
615 2305 773 2354 Horat.
799 2304 828 2353 Ι.
852 2323 889 2353 c.
914 2334 965 2341 —
985 2305 1110 2370 Quid
1126 2305 1289 2369 igitur,
1311 2306 1349 2354 si
1371 2325 1442 2365 ea,
1468 2326 1567 2374 quae

188 2429 198 2448 ¹
222 2428 335 2463 Plaut.
346 2429 471 2465 Bacch.
488 2431 555 2473 lV,
569 2441 620 2472 w,
638 2432 677 2464 15
687 2444 695 2470 ;
706 2430 815 2464 Stich.
880 2429 945 2464 bus
963 2429 1095 2464 facturn
1115 2442 1188 2464 esse
1203 2443 1224 2465 e
1236 2431 1398 2466 van-one
1411 2439 1563 2478 apparet.

142 2480 195 2519 II,
215 2493 227 2513 ι
244 2479 362 2525 (ahl,
378 2492 444 2523 111,
459 2479 549 2525 80);
569 2481 704 2525 Varr0,
719 2481 757 2516 L.
778 2482 817 2516 L
925 2485 942 2503 ‘
964 2483 1102 2518 Pbaedr.
1119 2483 1196 2526 lv,
1219 2497 1269 2518 ιι.
1289 2482 1386 2519 Caelo
1404 2492 1563 2530 receptus

143 2532 189 2572 V,
210 2532 273 2575 54;
293 2531 438 2580 Dionys.
457 2533 492 2575 1,
517 2535 559 2576 4ο
572 2559 582 2576 ,
604 2532 646 2567 de
666 2545 724 2567 ara
740 2545 819 2567 ma·-
882 2541 1026 2580 propter
1036 2534 1180 2571 virtutes
1193 2535 1561 2578 Hercules,veniente

142 2584 232 2619 xima
252 2597 260 2618 :
285 2589 470 2625 δεκατεύσεις
497 2587 664 2635 χρημάτων
686 2591 819 2630 γίνονται
883 2586 988 2620 Pluto
998 2612 1010 2629 ,
1025 2585 1084 2631 qul
1099 2586 1267 2622 Fortuna
1277 2594 1331 2624 est
1340 2587 1432 2623 filius
1442 2613 1454 2632 9
1465 2600 1559 2622 aver-

144 2642 256 2680 euxmxi
270 2636 337 2672 κατ’
348 2639 449 2682 εὐχάς.
465 2639 587 2683 Quare
605 2645 639 2673 et
653 2637 816 2674 Crassum
883 2639 927 2674 tit
937 2638 1054 2674 oculos
1063 2665 1073 2682 ,
1085 2638 1222 2675 dicens:
1233 2654 1250 2669 a
1265 2639 1338 2675 Odi
1348 2640 1446 2676 illum
1457 2667 1467 2683 ‚
1480 2640 1560 2685 quia

143 2694 179 2721 et
199 2687 384 2722 Lucullum
403 2689 610 2735 frequenter
633 2688 818 2724 decumam
883 2690 981 2725 malis
995 2691 1126 2726 amicus
1142 2698 1215 2734 est,
1234 2691 1407 2738 simulque
1422 2692 1561 2736 obiecto

145 2738 275 2774 dedisse
300 2739 447 2783 legimus
460 2767 471 2784 ‚
497 2748 533 2777 et
560 2754 580 2776 a
608 2741 819 2777 mercatori—
883 2748 1009 2777 cuncta
1023 2743 1216 2789 corrumpit
1234 2743 1342 2779 lucro.
1359 2758 1376 2774 ν
