1826 3054
525 263 925 311 FAs'ronuM
964 246 1179 307 LIBJI.
1505 262 1557 321 75

208 361 390 429 Templa
404 398 416 420 ‚
443 360 718 409 sacerdotum
739 359 822 407 rite
845 357 985 406 (licata
1006 375 1152 405 manu.

1497 369 1562 402 610

149 440 293 504 Hujus
315 451 357 487 et
380 437 608 500 augurium
634 436 850 502 dependet
876 435 1047 498 origine
1072 431 1223 490 verbi,

213 518 270 564 Et
294 515 601 581 quodcumque
623 533 700 563 sua
722 513 900 580 Jupiter
923 523 1053 575 auget
1070 529 1171 578 ope..

147 596 320 656 Augeat
343 593 574 660 imperium
594 592 738 641 nostri
762 591 902 639 Ducis
917 628 929 649 ‚
956 601 1113 654 augeat
1135 606 1274 637 annos
1294 606 1303 634 :

212 673 419 734 Protegat
440 683 484 720 et
508 682 672 719 vestras
695 688 863 736 querna
887 687 1049 717 corona
1072 667 1189 716 fores
1208 686 1219 724 ς

147 749 503 815 Auspicibusque
523 748 632 797 Deis
655 748 767 796 tanti
793 746 1070 809 cognominis
1093 745 1220 794 heres
1503 753 1568 788 615

214 826 375 874 Omine
398 825 632 893 suscipiat,
658 844 748 892 quo
773 836 921 891 pater,
949 823 1071 871 orbis
1096 841 1221 871 onus.

151 904 402 951 RESPICIET
422 902 555 950 Titan
579 913 695 950 actas
714 901 796 949 ubi
819 900 977 949 tertius
999 898 1106 947 Idus
1121 936 1134 958 ,

213 980 341 1027 Fient
362 979 603 1028 Parrhasiae
624 998 744 1028 sacra
765 977 902 1027 relata
923 978 1039 1025 Deae.

150 1058 261 1103 Nam
280 1057 404 1122 prius
427 1055 648 1104 Ausonias
670 1067 831 1104 matres
855 1066 1063 1122 carpenta
1084 1052 1304 1102 vehebant
1323 1071 1332 1100 :

216 1136 320 1182 Haec
346 1153 522 1200 quoque
545 1133 600 1181 ab
625 1133 820 1182 Evandri
844 1132 959 1180 dicta
982 1143 1163 1198 parente
1183 1149 1295 1179 reor.

1499 1143 1568 1177 620

155 1212 262 1259 Mox
285 1210 430 1258 honor
451 1210 638 1277 eripitur
655 1231 664 1258 :
684 1222 973 1276 matronaque
996 1208 1185 1257 destinat
1207 1206 1349 1256 omnis

152 1323 214 1357 lari
231 1330 391 1368 oportere
403 1349 412 1366 ,
425 1322 619 1368 prevaluit,
636 1330 675 1358 ut
689 1322 829 1367 Augus—

154 1382 208 1409 tus
223 1381 404 1409 vocaretur
417 1401 426 1418 ‚
447 1387 520 1409 non
545 1382 684 1411 tantum
706 1387 799 1408 novo
815 1400 825 1417 ,

151 1425 211 1461 sed
227 1433 263 1460 et
276 1425 441 1470 ampliore
455 1426 665 1472 cognomine
681 1451 691 1469 ,
702 1439 720 1455 «
732 1425 827 1471 quod

155 1491 171 1507 ι»
187 1477 261 1511 loca
272 1489 410 1522 quoque
422 1476 578 1523 religiosa
587 1503 596 1520 ,
609 1476 691 1510 etin
704 1476 827 1521 quibus

154 1545 171 1559 υ
189 1536 357 1575 augurato
380 1528 462 1574 quid
488 1535 731 1572 consecratur,
757 1541 828 1563 au-

154 1595 172 1610 »
189 1587 286 1627 gusta
301 1580 481 1625 dicantur,
506 1581 548 1615 ab
565 1588 669 1615 auctu
681 1607 692 1625 ‚
715 1580 771 1616 vel
786 1581 828 1615 ab

154 1648 171 1662 »ι
188 1633 303 1667 avium
318 1641 415 1678 gestu
431 1641 575 1679 gustuve
589 1660 598 1678 ,
619 1633 707 1668 sicut
722 1633 827 1667 etiam

155 1699 172 1714 υ
190 1684 327 1719 Ennius
343 1684 462 1729 docet,
478 1685 651 1727 scribens;
670 1685 829 1731 Augusto

154 1753 171 1768 ιι
189 1739 334 1784 augurio
347 1747 531 1785 postquam
545 1739 674 1787 inclyta
689 1739 830 1774 condita

156 1805 174 1819 υ
191 1790 305 1825 Roma
316 1798 376 1826 est.
391 1806 408 1821 »
426 1791 572 1826 Sueton.
586 1791 675 1837 Aug.
690 1805 706 1837 7
720 1806 728 1833 ;
747 1791 831 1826 Flo-

154 1854 213 1877 rus
227 1869 236 1884 ,
258 1842 329 1886 lv,
351 1853 406 1878 ΧΠ
421 1869 431 1886 ,
450 1843 514 1885 66;
531 1843 602 1878 Dio
617 1870 626 1888 ,
649 1843 705 1879 lib.
722 1843 829 1887 LIII,

156 1895 252 1930 πάντ-κ
274 1898 313 1931 τὰ
335 1898 524 1941 ἔντιμώτατοι
549 1903 602 1932 καὶ
623 1899 662 1933 τὰ
686 1900 832 1947 ἱερώταται

156 1949 309 1990 αὖγουστὲ
331 1953 477 1983 καλεῖται.
502 1948 590 1983 Inde
619 1956 653 1984 et
684 1949 832 1995 Augusti

157 1997 322 2043 palatium
343 1999 505 2044 peculiari
526 2000 660 2036 ratione
679 2008 832 2035 sanctum

157 2049 346 2084 dicebatur.
355 2050 446 2085 Vide
454 2050 568 2087 Bentl.
576 2051 618 2087 ad
627 2053 831 2098 Horatium,

159 2101 227 2145 IV,
242 2101 313 2136 Od.
329 2113 380 2145 N,
398 2102 494 2136 16-
501 2104 713 2138 Sacerdotum
724 2118 833 2140 manu.

159 2153 308 2199 Templa
324 2154 371 2187 ita
386 2153 636 2190 dedicabantur
649 2182 658 2198 ‚
675 2163 715 2190 ut
729 2157 836 2191 Pon—

158 2202 239 2239 tifex
255 2211 390 2249 postem
406 2218 507 2239 manu
525 2207 837 2251 teneret—Hujus

156 2262 192 2289 et
197 2259 369 2300 augurium
380 2263 445 2291 etc.
456 2257 497 2291 ab
508 2257 573 2292 hoc
583 2257 727 2292 nomine
738 2257 838 2294 fluxit

160 2315 196 2342 et
208 2321 279 2343 voc.
295 2309 490 2355 augurium.
503 2329 547 2335 —
561 2313 694 2354 Quema
705 2324 838 2346 corona.

161 2359 275 2406 Supra
298 2360 389 2395 fores
414 2362 537 2396 Palatii
559 2362 664 2398 civica
683 2376 702 2397 e
718 2374 839 2407 quercu

161 2424 290 2446 corona
305 2426 468 2459 suspensa
482 2421 557 2449 erat
567 2440 577 2458 ,
597 2422 632 2449 et
647 2414 688 2449 ad
702 2422 839 2450 utrum-

163 2478 230 2510 que
243 2466 330 2501 latus
342 2469 458 2501 laurus
471 2468 581 2503 stabat
595 2495 604 2513 ,
622 2468 840 2514 triumphalis

164 2517 276 2551 arbor.
290 2516 423 2553 Confer
435 2520 503 2563 IV,
516 2520 601 2568 953;
620 2521 677 2555 III
688 2521 792 2555 Trist.
804 2531 819 2555 1
828 2546 838 2565 ,

164 2568 299 2612 35—48;
317 2570 334 2604 1
351 2570 438 2605 Met.
459 2571 522 2606 562
542 2584 550 2606 z
570 2571 725 2608 Dionem
743 2571 839 2608 Cass.

165 2618 266 2663 LIII,
280 2620 328 2654 ιθ.
340 2619 482 2656 Corona
490 2625 531 2657 ob
539 2627 628 2659 circs
637 2631 785 2659 seruatos
792 2627 841 2658 in·

165 2675 291 2714 scripta
306 2680 437 2708 erat.·-
452 2676 596 2710 Vestms.
609 2675 714 2710 Unus
728 2675 841 2710 vatic.

165 2726 311 2758 meritas.
333 2725 498 2762 Heinsius
516 2727 657 2773 conjicit
677 2735 785 2763 notas.
799 2747 843 2754 —

167 2776 272 2810 Heres
285 2783 334 2811 est
346 2777 507 2814 Tiberius
519 2806 528 2824 ,
544 2780 599 2815 cui
615 2780 763 2827 Augusti
776 2794 843 2816 no·

892 1334 975 1356 rnen
988 1320 1251 1356 hereditarium.
1266 1320 1414 1355 Sueton.
1426 1319 1505 1354 Tib.
1518 1320 1571 1354 26.

892 1375 1039 1408 —Orbis
1050 1373 1181 1408 habent
1189 1373 1404 1407 vetustiores.
1417 1372 1507 1416 Alii,
1519 1386 1572 1407 ur-

892 1430 955 1468 bis,
968 1425 1060 1472 quod
1072 1426 1195 1460 Heins.
1206 1425 1348 1460 defendi
1363 1437 1460 1470 posse
1474 1432 1571 1470 putat

891 1489 934 1511 ex
947 1477 1004 1520 II,
1027 1490 1097 1524 197.
1117 1475 1206 1510 Illud
1224 1476 1336 1511 multo
1353 1477 1498 1522 gravius.

935 1528 1104 1575 617-635.
1122 1527 1191 1562 Die
1202 1527 1339 1563 decimo
1350 1528 1487 1574 quinto,
1502 1527 1573 1563 scil.

893 1579 1022 1616 XVIII
1030 1580 1183 1616 Kalend.
1191 1580 1358 1615 Februar.
1367 1593 1486 1615 rursus
1497 1581 1573 1615 Car-

893 1635 1063 1667 mentalia.
1089 1630 1225 1666 Confer
1245 1631 1419 1667 Plutarch.
1439 1632 1573 1677 Quaest.

894 1686 999 1720 Rom.
1014 1693 1099 1720 tom.
1112 1685 1187 1720 VII
1200 1712 1209 1728 ,
1222 1699 1254 1730 p.
1271 1686 1332 1729 ¹²4
1343 1712 1352 1728 ,
1364 1684 1446 1720 edit.
1457 1684 1573 1719 Reisk.

892 1738 1050 1772 —Actas
1060 1764 1068 1777 ‚
1088 1744 1275 1772 transactas
1285 1763 1295 1780 ,
1313 1737 1574 1771 exactas—Be-

893 1792 982 1830 lata,
1005 1790 1127 1824 iterata
1139 1815 1149 1833 ‚
1167 1789 1334 1834 repetita;
1353 1789 1411 1832 11,
1429 1789 1492 1822 512
1504 1814 1514 1832 ‚
1527 1789 1578 1822 Et

893 1841 1040 1887 refletunt
1050 1846 1136 1876 certi
1145 1855 1247 1878 sacra
1253 1847 1398 1885 palerna
1411 1842 1503 1883 d1‘es;
1515 1837 1576 1874 Ci-

895 1908 976 1930 cero
990 1895 1026 1930 in
1042 1894 1159 1930 Caecil.
1176 1908 1213 1929 21
1230 1920 1239 1938 ‚
1263 1896 1464 1928 consuetudo
1481 1906 1577 1937 repe-

893 1951 958 1982 tila
973 1954 1008 1983 et
1022 1950 1138 1982 relata.
1154 1966 1198 1973 -
1217 1947 1272 1981 De
1293 1948 1480 1981 Parrhasia
1498 1945 1576 1980 Dea

895 1999 973 2034 vide
986 1998 1029 2034 ad
1041 2013 1088 2034 vs.
1101 1999 1348 2045 478.—Matres
1358 2025 1366 2040 ‚
1383 2004 1555 2033 matrona
1564 2022 1576 2040 ,

895 2051 1070 2087 mulieres.
1086 2071 1132 2078 -
1149 2052 1334 2096 Cumania,
1355 2062 1478 2086 currus
1493 2062 1573 2085 cum

897 2110 989 2140 tecto
1008 2110 1147 2139 arcuato
1162 2103 1317 2149 rotisque
1338 2102 1491 2146 duabus,
1517 2102 1577 2147 qui

896 2167 985 2200 saepe
1004 2155 1042 2190 in
1057 2155 1436 2191 nummisccernuutur.
1456 2152 1577 2188 Beck-

899 2217 1019 2240 mann.
1035 2206 1071 2240 in
1085 2207 1293 2254 Beytraegen
1307 2219 1370 2240 zur
1378 2206 1579 2241 Geschichte

897 2258 1210 2304 derEfindungen,
1228 2258 1269 2293 P.
1286 2259 1341 2301 11,
1358 2271 1391 2303 p.
1407 2258 1467 2303 39¹
1485 2282 1495 2300 ‚
1515 2269 1578 2290 se·-

899 2308 971 2343 rius
982 2307 1056 2343 haec
1063 2309 1204 2345 inventa
1213 2316 1322 2355 putat.
1333 2308 1402 2344 An.
1412 2322 1446 2343 u.
1458 2322 1485 2343 c.
1497 2305 1578 2351 360,

901 2361 1026 2396 Romae
1040 2360 1075 2395 id
1091 2361 1235 2397 honoris
1249 2361 1429 2396 decretum
1445 2367 1580 2395 matro-

901 2415 955 2449 nis
965 2441 974 2458 ,
993 2427 1011 2443 ⁴<
1025 2421 1066 2448 ut
1077 2413 1209 2459 pilento
1223 2406 1402 2458 (veh'iculo
1412 2412 1534 2459 pensili
1544 2420 1580 2447 et

904 2482 922 2497 »
939 2465 1179 2502 commodiore
1194 2466 1291 2509 aliis)
1308 2465 1351 2501 ad
1362 2478 1456 2501 sacra
1467 2465 1580 2500 ludos-

904 2533 922 2549 »
941 2531 1008 2564 que
1020 2544 1030 2562 ,
1054 2518 1226 2564 carpentis
1247 2517 1334 2554 sesto
1357 2517 1578 2564 profestoque

905 2584 922 2600 »
941 2576 1148 2611 uterentur3
1168 2583 1185 2599 »ν
1203 2568 1339 2613 Livius,
1356 2569 1410 2613 V,
1427 2568 1580 2604 25.-Ab

903 2625 1058 2658 Evandri
1069 2629 1227 2668 parente,
1257 2621 1352 2668 quod
1374 2622 1430 2656 vix
1454 2634 1580 2657 verum

903 2691 975 2712 esse
990 2683 1102 2722 potest
1113 2703 1123 2720 ,
1135 2678 1391 2721 honoren'pitur.
1404 2676 1435 2710 A
1447 2675 1581 2710 Senatu

903 2729 1085 2775 prohibitae
1097 2735 1178 2764 sunt
1187 2720 1340 2775 ὀχήμασι
1354 2734 1486 2778 χρῖσῦσει
1497 2733 1581 2769 §eux-

905 2789 965 2821 τοῖς
977 2796 985 2827 5
1005 2779 1180 2817 Plutarch.
1191 2780 1224 2816 d.
1237 2781 1486 2816 l.—Dest1·nare
1493 2806 1503 2823 ,
1519 2778 1583 2815 sibi
