1826 3054
212 233 301 277 380

589 238 644 281 P.
678 238 917 285 OVIDII
954 243 1255 290 NASONIS

210 329 323 388 Dic,
349 349 430 394 ego
451 333 686 400 respondi,
713 354 887 385 causam
908 337 1017 387 mihi
1040 339 1197 390 sideris
1221 340 1366 408 hujus.

280 409 469 459 Causam
493 410 685 460 facundo
706 414 905 480 prodidit
927 435 1001 465 ore
1023 416 1130 466 deus
1149 438 1160 466 ε

212 483 506 535 Abstulerant
526 500 675 554 raptas
699 490 898 540 Phoeben
922 492 1199 562 Phoebesque
1223 515 1420 546 sororem
1444 562 1447 564 Ι

278 562 541 629 Tyndaridae
562 563 744 623 fratres,
771 566 842 615 hic
865 587 999 635 eques
1015 607 1027 627 ,
1054 570 1126 619 ille
1150 572 1288 640 pugil.

1570 602 1635 636 7⁰⁰

213 637 334 686 Bella
356 652 540 706 parant,
565 654 858 711 repetuntque
880 664 982 694 suas
1001 657 1046 694 et
1066 645 1199 696 frater
1220 660 1265 697 et
1288 650 1386 699 Idas
1404 670 1415 709 ;

277 718 506 785 Leucippo
529 718 624 768 fieri
644 733 800 787 pactus
823 734 1007 789 uterque
1028 742 1174 787 gener.

215 794 299 843 His
317 814 464 854 amor,
488 808 541 846 ut
562 810 784 865 repetant,
812 799 899 850 illis
914 839 926 858 ‚
951 813 1002 850 ut
1023 802 1204 851 reddere
1224 803 1392 863 nolint,

280 872 446 923 Suadet
464 895 474 923 ε
499 887 543 924 et
565 895 616 925 ex
641 895 769 926 causa
790 890 962 945 pugnat
981 891 1166 947 uterque
1188 882 1297 948 pari.

214 950 420 1015 Effugere
444 954 676 1005 OEbalidae
696 975 828 1005 cursu
850 969 1036 1024 potuere
1060 972 1322 1026 sequentes;
1574 978 1638 1021 7⁰5

282 1028 370 1077 Sed
393 1030 535 1079 visum
557 1031 685 1081 celeri
708 1033 880 1083 vincere
902 1047 1030 1103 turpe
1054 1035 1169 1100 fuga.

216 1105 352 1156 Liber
372 1107 427 1156 ab
447 1109 686 1160 arboribus
708 1110 832 1161 locus
852 1124 941 1171 est,
965 1125 1068 1180 apta
1086 1132 1183 1162 area
1204 1133 1378 1181 pugnae.

282 1185 586 1238 Constiterant
603 1188 693 1238 illic
713 1211 723 1239 :
743 1209 906 1239 nomen
928 1190 1139 1258 Aphidna
1162 1190 1277 1240 loco.

218 1288 399 1327 Homerus
408 1318 418 1335 ,
431 1298 486 1338 βίη
504 1285 812 1344 &panacem—Bri,
824 1307 895 1339 ego.

218 1342 343 1379 Heins-
357 1345 509 1382 malehat'
524 1372 534 1390 ,
561 1349 631 1382 Die:
651 1360 734 1391 age.
759 1347 840 1392 quia
862 1350 896 1385 τὲ

216 1406 290 1439 eqo,
313 1409 332 1431 a
346 1410 455 1434 manu
466 1400 662 1436 recentiore
678 1401 714 1436 in
729 1401 895 1438 Zuliche-

218 1447 339 1483 miano
349 1457 425 1486 erat
435 1477 446 1494 ,
464 1453 573 1487 veteri
584 1452 732 1488 lectione
744 1467 896 1490 erasa.—

218 1499 320 1536 Idem
329 1505 483 1547 prodidit
489 1517 530 1540 ex
546 1505 660 1551 primo
674 1506 894 1542 Ambrosiam

217 1553 304 1590 Laeti
320 1580 330 1598 ,
356 1562 392 1591 et
410 1569 481 1591 uno
501 1558 670 1594 Patavino
692 1558 868 1606 adoptavit
884 1587 895 1605 ,

218 1619 330 1652 quum
356 1609 472 1646 caeteri
500 1614 647 1648 reddidi!
668 1613 895 1656 exhiberent:

219 1658 449 1698 Sarravianus
463 1666 598 1700 mnam.

260 1713 336 1762 699.
353 1717 495 1751 Pheres
508 1729 604 1753 soror
617 1717 732 1753 Elaira
744 1743 754 1762 ,
772 1717 874 1753 llaira
886 1743 896 1762 ,

218 1764 354 1801 Hilaira
368 1794 378 1811 ,
399 1767 500 1804 Laira
516 1776 661 1805 vocatur
678 1769 721 1805 ah
740 1769 899 1805 auctori·-

216 1817 293 1852 bus.
308 1820 405 1855 Vera
421 1820 592 1867 scriptura
609 1821 703 1857 haud
723 1821 827 1857 dubie
846 1827 900 1857 est

218 1866 352 1921 ἰλάηρα.
370 1871 564 1920 Lycippus,
588 1880 688 1920 pater
707 1872 832 1908 harum
847 1885 900 1908 so-

218 1936 341 1959 rorum
351 1932 426 1960 erat
435 1924 544 1961 frater
552 1926 705 1973 Apharei
718 1925 898 1969 Messenii,

216 1977 318 2021 eujus
341 1977 403 2013 filii
426 1978 587 2027 Lynceus
605 1986 642 2015 et
660 1978 762 2020 Idm
782 1978 900 2025 Apol-

218 2026 359 2064 lodorus
371 2055 381 2071 ‚
395 2030 449 2066 nt
463 2055 474 2075 ,
492 2041 514 2065 x
524 2056 534 2074 ‚
547 2030 578 2066 3.
587 2049 631 2058 -
640 2032 789 2076 Raptum
801 2030 899 2066 illum

218 2080 325 2116 etiam
342 2080 552 2118 Theocritus
565 2090 601 2118 et
618 2083 748 2131 Hygia.
763 2095 901 2119 memo-

220 2138 320 2174 rant;
337 2132 398 2169 sed
412 2133 586 2170 Pindarus
597 2135 641 2169 oh
654 2135 759 2171 hoves
767 2135 901 2172 abactas

219 2196 374 2230 pugnam
391 2192 506 2221 ortam
522 2199 594 2222 esse
608 2187 701 2222 canit
713 2213 723 2230 ‚
741 2186 835 2232 quod
854 2187 901 2222 la-

217 2236 286 2272 tius
297 2238 517 2284 persequitur
531 2238 775 2289 Apollodorus.
795 2238 900 2285 Apud

220 2287 339 2324 Schol.
357 2289 502 2326 Pindari
519 2291 560 2326 ad
579 2304 666 2326 vers.
689 2293 749 2334 ¹⁰⁴
765 2318 775 2334 ,
800 2291 902 2339 Tyn-

219 2339 351 2377 darida
364 2341 457 2377 inter
472 2342 561 2389 ipsas
572 2343 691 2389 epulas
706 2343 882 2389 nuptiales»
891 2369 900 2386 ‚

222 2393 265 2429 ad
282 2407 367 2441 quas
381 2396 517 2432 invitati
535 2404 636 2432 erant
654 2423 663 2440 ,
690 2409 831 2443 sponsas
844 2409 903 2430 ra-

220 2449 334 2495 piunt.
350 2468 395 2477 -
409 2452 478 2486 Hic
490 2463 588 2495 eques
603 2458 668 2487 ete.
683 2464 725 2486 ex
742 2450 902 2486 Homero

222 2503 263 2538 ll.
286 2510 329 2546 r,
355 2505 439 2550 ²37,
468 2511 504 2541 et
525 2503 596 2541 od.
624 2512 671 2548 A,
689 2505 775 2543 302:
797 2516 902 2551 aquo

223 2553 311 2590 aller
323 2558 492 2600 ἱπκὸδκμος
508 2582 517 2600 ,
537 2556 625 2591 aller
642 2560 701 2601 πύξ
716 2558 825 2601 ἅγιά-ἇς
840 2567 905 2590 VO·-

220 2613 330 2643 eatur.
350 2609 481 2643 Auctor
498 2607 715 2656 Cypriorum
733 2609 768 2643 in
787 2606 902 2643 Schol.

225 2658 371 2695 Pindari
388 2658 431 2695 ad
444 2673 532 2696 vera.
553 2662 634 2705 ¹4⁴³
652 2661 792 2711 iti-sup}
804 2660 839 2696 θ’
854 2664 906 2697 le·

223 2714 371 2755 «ie‘apw,
383 2717 436 2747 καὶ
446 2711 617 2760 ἇοθλὸμρθν
628 2716 821 2748 nunde-iun.
832 2711 904 2747 Ho-

225 2771 287 2801 rat.
307 2765 342 2809 l,
360 2763 431 2801 Od.
451 2776 503 2801 xu
517 2791 527 2809 ,
543 2766 584 2800 23
603 2778 610 2800 ι
629 2780 644 2795 ι
666 2766 771 2801 Hunc
785 2765 901 2810 equis,

963 1310 980 1326 ν
996 1295 1094 1330 illum
1109 1309 1274 1342 superare
1288 1297 1413 1343 pugnis
1429 1296 1602 1333 Nobilem.
1622 1312 1639 1326 ι

962 1346 1065 1383 ῙΙΙυπι
1086 1352 1255 1394 ἱκᾶδαμπ
1272 1348 1507 1395 Apollodorus
1522 1349 1639 1384 inter-

960 1408 1131 1446 pretatur,
1148 1406 1233 1442 ἤσκει
1245 1405 1285 1437 τὲ
1301 1405 1379 1438 κατὰ
1395 1406 1530 1447 effluam.
1559 1427 1562 1430 ι

1007 1456 1082 1499 705.
1101 1453 1507 1501 OEbalidae,Tyndaridae,
1521 1452 1640 1488 OEhali

962 1512 1116 1551 nepotes.
1144 1506 1266 1551 Pugna
1282 1512 1400 1540 autem
1417 1517 1543 1540 eorum
1558 1518 1640 1539 cum

963 1557 1118 1603 Apharei
1136 1557 1214 1592 tiliis
1230 1557 1325 1593 varie
1343 1556 1478 1592 tradita.
1498 1556 1641 1592 Secun-

962 1608 1050 1643 dum
1069 1608 1264 1645 Pindarum
1277 1635 1287 1652 ,
1312 1622 1359 1645 vs.
1381 1622 1392 1643 ι
1404 1622 1439 1653 ¹7
1454 1635 1464 1651 ,
1483 1608 1643 1657 Lynceus

964 1662 1154 1698 Dioseuros
1174 1661 1270 1697 videt
1288 1661 1324 1697 iu
1345 1668 1472 1697 trunco
1495 1674 1645 1707 quereus

965 1714 980 1757 (
995 1716 1080 1762 δρυῦς
1107 1715 1136 1749 ἰν
1167 1711 1338 1758 στιλίχη)
1364 1713 1511 1748 latentes
1534 1739 1544 1756 ,
1571 1713 1645 1747 visu

964 1766 1062 1800 enim
1078 1765 1227 1800 maxime
1246 1764 1389 1800 valebat.
1410 1765 1504 1800 Hinc
1520 1763 1647 1799 decur-

964 1818 1011 1853 rit
1033 1831 1075 1854 ex
1098 1825 1220 1853 monte
1246 1824 1282 1853 et
1302 1816 1451 1853 Castora
1467 1816 1645 1852 interficit.

966 1870 1019 1906 Ea
1037 1871 1130 1906 ende
1157 1878 1355 1906 commotus
1373 1870 1495 1906 Pollux
1511 1870 1647 1917 proruit

965 1937 984 1959 e
1002 1937 1132 1971 quercu
1154 1932 1258 1970 atque
1289 1922 1505 1970 Aphareidas
1522 1936 1647 1970 perse-

966 1979 1094 2024 quitur.
1112 1978 1377 2013 llirestiterunt
1390 1976 1431 2012 ad
1449 1976 1645 2023 sepulcrum

965 2031 1072 2077 patris
1096 2030 1270 2077 Apharei,
1294 2039 1397 2077 atque
1422 2030 1505 2065 inde
1525 2043 1644 2065 saxum

966 2090 1106 2129 raptum
1123 2084 1255 2129 pectori
1273 2083 1423 2118 Pollucis
1437 2083 1645 2127 injecerunt.

967 2137 1064 2172 Tum
1093 2136 1216 2172 Pollux
1235 2135 1331 2171 hasta
1356 2136 1492 2181 trajecit
1517 2134 1645 2183 Lyncei

966 2188 1074 2224 latera
1083 2215 1093 2232 ,
1103 2188 1244 2234 Jupiter
1255 2194 1372 2222 autem
1388 2187 1486 2222 tdam
1498 2185 1644 2221 fulmine

964 2240 1066 2277 feriit.
1084 2238 1342 2276 Similiter‘fere
1360 2245 1482 2274 auctor
1500 2237 1647 2286 Cyprio-

967 2307 1047 2329 rum
1059 2320 1068 2336 ,
1086 2301 1121 2329 et
1139 2291 1381 2339 Apollodorus.
1399 2290 1455 2326 Ad
1469 2291 1645 2326 tumulum

970 2346 1123 2393 Apharei
1139 2344 1295 2392 pralium
1311 2356 1383 2379 esse
1396 2343 1622 2378 commissum
1634 2370 1643 2384 ,

967 2400 1072 2435 etiam
1081 2398 1290 2435 Theocritus
1301 2396 1416 2432 tradit.
1428 2397 1557 2431 Nostro
1566 2409 1645 2431 area

967 2462 1093 2498 pugna
1103 2449 1167 2486 suit
1177 2461 1285 2496 prope
1298 2450 1504 2492 Aphidnum.
1520 2448 1643 2483 urbem

969 2502 1129 2538 Laconi-
1146 2528 1156 2544 ,
1186 2500 1279 2536 unde
1300 2499 1430 2536 Phoehe
1452 2506 1487 2534 et
1511 2500 1645 2535 llilaira

966 2562 1078 2591 erant.
1094 2553 1293 2600 Stephanus
1309 2564 1318 2587 ε
1332 2547 1451 2597 Α’,σίὡκ
1469 2556 1563 2595 &spu
1579 2544 1645 2590 A'e-

970 2616 1064 2648 ταῖς.
1087 2601 1166 2645 ἐστι
1197 2611 1250 2642 aoet'
1272 2613 1326 2643 τίς
1354 2611 1559 2647 Λακωνικῆς,
1584 2606 1645 2638 ἶῖιν

970 2662 1047 2699 ἦσαν
1063 2659 1097 2694 sie
1115 2660 1314 2695 Arimin-effre
1327 2659 1417 2696 ‘’t'‘-
1435 2662 1488 2692 nl
1511 2655 1644 2703 ἰλᾶιιμ.

971 2711 1154 2759 Hyginus,
1169 2709 1264 2745 Poet
1282 2710 1420 2744 Astron.
1437 2708 1471 2744 11
1484 2733 1493 2749 ,
1513 2721 1553 2742 aa
1566 2733 1576 2750 ,
1589 2706 1649 2741 ha·

969 2763 1027 2798 het
1045 2767 1079 2798 in
1093 2763 1215 2807 oppido
1234 2762 1399 2797 Ananis
1411 2771 1423 2803 ,·
1455 2758 1515 2796 sed
1540 2765 1574 2795 et
1601 2758 1648 2794 ihi
