1826 3054
498 230 896 276 FASTORUM
933 231 1067 273 LIB.
1104 231 1195 275 VI.

1462 227 1546 283 4οὸ

133 326 263 372 Hunc
289 324 422 387 igitur
454 335 619 372 veteres
643 321 863 370 donarunt
883 321 974 369 aede
995 321 1177 378 Sabini3

197 406 334 469 Inque
359 401 578 467 Quirinali
603 400 867 448 constituere
891 399 1014 463 jugo.

135 482 226 528 EST
251 480 358 527 mihi
372 517 383 537 ‚
405 480 549 545 sitque
563 515 574 534 ,
600 496 781 544 precor,
803 475 969 523 nostris
992 473 1245 522 diuturnior
1268 474 1420 533 annis,

197 557 330 613 Filia,
359 573 442 622 qua
466 554 568 602 felix
593 552 756 619 sospite
780 571 950 619 semper
971 570 1061 600 ero.

1480 576 1545 599 220

139 634 264 681 Hanc
286 650 369 694 ego
391 649 527 697 quum
551 628 705 678 vellem
731 648 891 692 genero
917 629 1016 677 dare
1034 665 1046 686 ‚
1073 640 1272 693 tempora
1293 627 1414 676 taedis

200 714 316 777 Apta
336 709 607 776 requirebam
623 745 634 765 ‚
660 726 841 774 quaeque
866 706 1053 755 cavenda
1074 706 1232 754 forent.

136 788 250 834 Tum
272 785 380 834 mihi
402 796 506 851 post
527 802 669 832 sacras
687 794 958 831 monstratur
980 783 1142 831 Junius
1162 781 1290 839 Idus,

200 863 334 912 Utilis
356 875 399 911 et
420 862 573 930 nuptis
588 900 599 921 ‚
623 860 746 910 utilis
768 880 860 910 esse
882 860 1013 910 viris:

136 944 372 1010 Primaque
396 961 499 1009 pars
522 941 655 1006 hujus
676 939 876 989 thalamis
900 938 1040 988 aliena
1064 950 1235 1005 reperta
1262 950 1354 998 est3

1487 954 1552 989 225

200 1024 313 1070 Nam
333 1021 444 1070 mihi
467 1020 530 1068 sic
552 1019 712 1084 conjux
732 1031 880 1068 sancta
901 1017 1042 1066 Dialis
1063 1017 1149 1066 ait:

136 1134 231 1169 idem
247 1134 339 1180 quod
356 1146 437 1168 mox
455 1136 553 1174 dare,
582 1131 695 1167 dicere
711 1131 811 1167 alicui

135 1199 272 1222 sacrum
287 1199 369 1221 esse.

182 1253 198 1272 2
208 1253 218 1272 ι
227 1253 255 1283 7.
277 1239 444 1272 Sacellum
461 1238 568 1271 Sanci
582 1248 698 1271 versus
710 1237 812 1270 adem

142 1292 292 1333 Quirini,
315 1290 351 1324 in
372 1302 549 1334 quo-anno
565 1301 598 1322 u.
614 1302 641 1323 c.
660 1288 739 1332 426,
761 1301 813 1322 or-

138 1342 198 1377 bes
222 1342 307 1377 aenei
332 1341 430 1387 positi
453 1341 545 1383 sint,
565 1341 670 1375 etiam
696 1339 811 1374 Livius

139 1393 172 1428 d.
192 1394 211 1427 Ι.
229 1401 411 1428 memorat.
428 1392 637 1440 Dionysius,
656 1393 729 1434 lv,
748 1393 806 1434 58,

138 1444 181 1478 de
197 1443 325 1479 soedere
348 1443 530 1489 Tarquinii
554 1443 703 1489 Superbi
728 1455 810 1477 cum

138 1496 280 1531 Gabinis
295 1496 363 1531 icto
381 1509 390 1531 z
408 1499 529 1531 Τούτων
546 1498 611 1531 ε’στὶ
627 1502 686 1531 τῶν
707 1498 810 1545 ὁρκίων

137 1557 282 1594 μνημεῖον
304 1551 332 1584 ἓν
348 1551 441 1598 Ρώμῃ
459 1554 591 1592 κείμενον
610 1550 636 1583 ἶν
653 1552 722 1598 ἱερῷ
742 1551 812 1587 Διὸς

137 1608 279 1645 Πιστίου,
303 1606 334 1637 3²
354 1609 494 1647 Ρωμᾶιοι
510 1604 638 1646 zei-mov
658 1607 809 1638 καλεῦσιν.

138 1653 342 1689 Secundum
354 1653 520 1688 eumdem
530 1679 539 1695 ‚
557 1653 607 1687 IX
617 1679 626 1695 ‚
644 1653 688 1687 60
699 1679 708 1695 ,
722 1652 813 1688 hanc

139 1705 248 1740 aedem
262 1732 271 1749 ‚
300 1719 319 1740 a
342 1705 503 1751 Superbo
530 1705 723 1750 Tarquinio
746 1718 812 1739 ex.-

138 1763 303 1792 structam
320 1782 330 1801 ,
354 1757 500 1802 Spurius
526 1756 726 1791 Postumius
745 1768 813 1791 cos.

140 1808 250 1842 Nonis
265 1808 392 1842 mensis
408 1809 431 1842 J
436 1808 508 1842 unii
524 1808 559 1842 in
580 1809 673 1842 Colle
692 1809 814 1851 Quiri-

141 1858 404 1894 nalt'dedicavit.
421 1860 454 1894 Is
470 1866 585 1893 autem
601 1870 667 1893 cos.
682 1857 747 1892 suit
758 1871 811 1892 an.

143 1922 176 1949 u.
193 1923 222 1943 c.
238 1922 312 1956 290.
332 1909 455 1954 Quum
471 1909 576 1954 igitur
585 1908 733 1944 Ovidius
744 1908 814 1950 ait,

143 1968 265 1996 wieres
290 1963 457 1995 donarunt
477 1962 618 2000 Sabini,
650 1959 739 1994 sorte
766 1960 815 1994 nil

144 2012 235 2047 aliud
247 2012 318 2047 vult
331 2039 340 2056 ,
358 2012 422 2047 nisi
433 2011 604 2046 Sabinum
617 2011 723 2045 deum
733 2024 816 2045 esse.

190 2065 354 2110 219-245.
386 2063 487 2098 Prior
512 2063 610 2097 Junii
634 2075 710 2107 pars
740 2075 817 2096 nu·—

144 2115 223 2162 ptiis
233 2115 395 2158 infausta,
409 2115 578 2160 posterior
589 2121 666 2159 apta
681 2127 689 2148 :
706 2108 830 2159 qualia'

146 2174 181 2202 et
202 2168 259 2210 11,
277 2170 337 2208 ²57
352 2180 435 2212 sqq;
454 2166 531 2209 111,
553 2166 617 2214 393
632 2178 694 2211 sqq
707 2191 716 2207 ,
735 2178 820 2199 mo-

146 2225 286 2253 nentur.
306 2219 391 2253 Haec
407 2219 454 2253 ita
472 2217 627 2252 tractavit
645 2223 762 2262 poeta,
782 2223 822 2250 ut

148 2272 224 2311 filie
249 2282 319 2304 suae
346 2270 554 2305 memoriam
579 2268 757 2314 ingeniose
786 2274 823 2303 et

152 2322 333 2357 commode
347 2323 527 2358 intexeret.
543 2322 596 2356 De
603 2324 688 2366 filia
697 2334 758 2357 sua
769 2322 822 2356 lv

154 2375 259 2410 Trist.
274 2387 295 2410 x
308 2401 318 2419 ,
338 2377 378 2422 75
399 2382 443 2410 :'«
461 2375 547 2410 Filia
569 2388 626 2409 me
649 2387 727 2409 mea
749 2374 822 2418 bis,

158 2442 175 2457 »
192 2427 302 2472 prima
314 2427 462 2463 secunda
476 2429 617 2472 juventa
631 2453 640 2471 ,
662 2426 733 2462 Sed
749 2440 823 2461 non

159 2492 177 2509 ›·
196 2491 235 2513 ex
249 2491 320 2513 uno
331 2480 496 2525 conjuge,
515 2478 593 2514 fecit
608 2491 722 2513 avum.
735 2493 751 2508 »
768 2478 825 2512 De

160 2544 199 2566 ea
217 2531 294 2567 vide
313 2533 466 2569 Masson.
491 2532 534 2567 ad
562 2545 695 2567 annum
720 2531 827 2566 aetatis

154 2582 259 2618 Ovid.
277 2596 319 2618 20
335 2591 370 2620 et
388 2586 614 2629 21.—S1'lque
626 2591 689 2618 etc.
702 2583 826 2617 Krebs.

154 2635 272 2671 Haei‘ett'
287 2637 341 2670 ich
354 2639 403 2670 sie
425 2639 510 2671 noch
529 2635 659 2680 linger,
676 2637 731 2669 [ch
741 2634 830 2679 sleh’

154 2687 278 2731 es,s12r
289 2690 395 2722 meine
403 2689 508 2723 Jahre
519 2686 530 2723 l
546 2689 661 2723 Immo
674 2699 681 2721 ι
694 2687 829 2721 utinam

160 2739 242 2774 mibi
253 2745 423 2785 superstes
432 2739 474 2775 sit
485 2739 492 2774 !
506 2746 626 2776 votum
637 2738 828 2775 admodum

875 1131 1031 1166 solemne
1044 1138 1230 1176 parentum
1240 1156 1249 1173 ,
1263 1136 1492 1166 romanorum
1504 1132 1553 1166 in-

875 1183 1016 1229 primis;
1037 1183 1160 1228 quibus
1182 1195 1348 1228 magnum
1368 1183 1527 1218 solatium
1541 1210 1551 1227 ,

875 1236 966 1270 mori
979 1235 1219 1279 superstitibus
1233 1236 1311 1270 suis.
1328 1236 1420 1271 Vide
1433 1236 1474 1270 ad
1485 1237 1552 1272 Pli-

875 1287 975 1321 nium
989 1312 998 1329 ‚
1018 1286 1126 1331 Epist.
1147 1287 1189 1328 Ι,
1210 1296 1284 1329 xu,
1307 1299 1356 1319 ιι.

920 1339 994 1372 223.
1010 1338 1105 1372 Male
1122 1337 1288 1372 Heinsius
1302 1337 1462 1382 putabat,
1487 1338 1552 1372 in-

876 1389 980 1434 telligi
991 1397 1121 1424 certam
1133 1389 1321 1434 quamdam
1333 1390 1432 1424 Junii
1443 1389 1550 1434 diem,

876 1441 969 1476 haud
990 1441 1093 1476 dubie
1111 1441 1204 1476 diem
1221 1448 1302 1476 ante
1323 1442 1452 1477 XVIII
1469 1442 1553 1477 Ka-

876 1492 996 1527 lendas
1021 1493 1107 1527 Jun.
1132 1493 1248 1538 itaque
1272 1492 1303 1527 ei
1328 1493 1555 1527 scribendum

876 1543 1058 1579 videbatur
1070 1571 1079 1588 ‚
1097 1551 1178 1588 post
1192 1553 1291 1579 actas
1305 1546 1411 1586 Idus,·
1430 1558 1555 1581 omnes

877 1596 973 1631 enim
989 1596 1062 1631 dies
1074 1596 1316 1642 postriduanos
1332 1596 1435 1631 fuisse
1452 1604 1553 1632 atros.

879 1650 1016 1692 Immo,
1035 1662 1158 1684 omnes
1174 1648 1247 1683 dies
1260 1648 1360 1683 Junii
1374 1655 1455 1683 ante
1471 1649 1555 1685 Idus

878 1708 959 1735 sunt
976 1701 1114 1736 infausti
1130 1700 1260 1746 nuptiis
1272 1726 1281 1743 ,
1299 1707 1376 1746 post
1393 1699 1476 1736 Idus
1490 1700 1555 1735 in-

879 1754 1011 1798 cipiunt
1027 1753 1140 1788 fausti.
1157 1754 1280 1798 Neque
1291 1752 1377 1787 adeo
1392 1752 1461 1788 huc
1474 1766 1557 1798 per-

880 1805 987 1848 tinet,
1006 1804 1100 1850 quod
1117 1804 1336 1847 Macrobius,
1358 1805 1396 1847 1,
1413 1803 1556 1838 Satura.

884 1859 923 1890 15
935 1881 944 1898 ‚
966 1863 1065 1890 notat
1081 1882 1091 1898 ,
1111 1856 1240 1901 nuptiis
1256 1855 1458 1900 copulandis
1473 1856 1557 1890 Ka-

879 1905 999 1941 lendas
1015 1932 1025 1949 ‚
1057 1907 1176 1941 Nonas
1192 1932 1201 1950 ,
1225 1913 1260 1941 et
1278 1906 1360 1941 Idus
1384 1907 1559 1953 religiosas

879 1958 993 1993 fuisse.
1012 1977 1056 1984 —-
1073 1959 1183 1993 Sacra
1201 1960 1300 1999 Idus,
1324 1965 1363 1992 ut
1384 1960 1420 1995 II
1433 1986 1444 2002 ‚
1474 1973 1531 1994 121
1547 1986 1557 2003 ,

880 2023 986 2044 sacm-
1001 2012 1114 2045 Nonae.
1132 2010 1200 2045 Hae
1213 2009 1310 2044 enim
1319 2010 1455 2045 Junoni
1467 2037 1477 2054 ‚
1492 2011 1559 2046 illae

883 2063 965 2098 Jovi
981 2076 1095 2098 sacrae.

930 2115 1003 2149 226.
1022 2115 1053 2149 A
1070 2114 1260 2149 Flaminica
1275 2141 1284 2158 ,
1305 2115 1376 2151 sive
1394 2114 1561 2151 Flaminis

885 2168 1002 2201 Diale&
1017 2178 1122 2201 uxore
1140 2192 1150 2210 ‚
1174 2165 1248 2201 haec
1270 2166 1457 2201 certissime
1474 2167 1562 2201 scire

886 2225 1032 2264 poterat.
1051 2218 1101 2252 Ea
1117 2225 1153 2253 et
1171 2218 1316 2253 maritus
1335 2219 1563 2264 peculiaribus

887 2271 1017 2316 legibus
1037 2270 1349 2305 matrimonialibus
1367 2277 1468 2305 erant
1486 2271 1562 2305 cir-

888 2321 1101 2366 cumscripti,
1112 2321 1155 2355 de
1167 2321 1291 2366 quibus
1297 2321 1430 2356 Gellius
1439 2347 1449 2365 ,
1462 2322 1564 2357 Noct-

890 2373 995 2409 Attic.
1022 2374 1057 2408 X
1077 2398 1087 2417 ,
1114 2374 1163 2406 15.
1187 2372 1240 2407 Ea
1265 2372 1424 2418 inprimis
1444 2378 1565 2407 sancta

889 2431 964 2459 erat
978 2430 1013 2459 et
1032 2436 1103 2458 esse
1120 2422 1278 2458 debebat.
1302 2423 1394 2458 Vide
1417 2424 1565 2458 omnino
1595 2461 1599 2464 ,

891 2476 1129 2512 Schwarzium
1145 2476 1187 2510 ad
1208 2475 1313 2510 Plinii
1332 2489 1494 2524 panegyr.
1512 2477 1566 2512 83.

891 2531 986 2565 Male
1011 2530 1115 2576 igitur
1140 2528 1308 2564 Heinsius
1332 2528 1388 2564 hic
1405 2541 1565 2574 quoque,

891 2589 931 2616 ut
947 2581 1024 2624 111,
1041 2581 1105 2628 397
1119 2606 1129 2624 ‚
1153 2583 1266 2616 ct'ncta
1283 2580 1442 2615 malebat.
1464 2581 1517 2616 Ibi
1532 2587 1569 2615 et

893 2633 991 2668 MSS
1008 2640 1043 2668 et
1066 2645 1133 2667 vox
1152 2635 1286 2677 apicati
1307 2632 1469 2668 favebant
1487 2632 1569 2668 huic

891 2685 1032 2720 lectioni
1047 2699 1057 2727 ς
1079 2691 1115 2719 at
1126 2696 1199 2720 non
1214 2683 1376 2720 hocloco.
1390 2683 1570 2721 Caeterum

898 2737 1090 2773 Flaminica
1108 2736 1213 2772 etiam
1229 2737 1282 2780 ΙΙ,
1300 2750 1352 2780 27.
