1826 3054
269 217 355 262 302

624 217 678 260 P.
729 216 974 261 0V1D11
1012 215 1312 262 NASONIS

336 307 584 358 Convenit:
605 307 870 371 ambigitur,
894 307 1052 357 moenia
1076 319 1215 375 ponat
1237 319 1347 357 uter.

268 383 343 434 Nil
366 402 479 452 opus
499 395 592 442 est,
616 382 752 442 dixit,
774 383 1013 433 certamine
1029 421 1041 440 ‚
1063 382 1307 442 Romulus,
1331 382 1438 432 ullo.

333 460 497 522 Magna
517 458 625 508 fides
645 460 788 508 avium
812 470 878 509 est
899 479 909 508 ε
929 459 1203 526 experiamur
1225 479 1335 509 aves.

268 539 359 587 Res
382 537 526 604 placet
548 558 557 585 :
582 537 692 586 alter
712 538 796 587 init
816 538 1040 587 nemorosi
1063 557 1163 588 saxa
1182 537 1350 597 Palati3

1617 553 1683 588 815

329 614 456 664 Alter
476 614 744 664 Aventinum
764 634 890 665 mane
915 634 1118 664 cacumen
1144 616 1250 665 adit,

266 692 350 740 Sex
374 693 564 749 Remus;
587 691 660 740 hie
683 691 880 743 volucres
899 693 972 742 bis
997 712 1071 743 sex
1092 693 1213 742 videt
1234 692 1387 742 ordine
1413 713 1423 742 z
1445 704 1575 760 pacto

328 767 504 825 Statur;
531 779 576 817 et
595 767 828 818 arbitrium
852 767 1073 818 Romulus
1095 769 1222 818 urbis
1243 768 1390 818 habet.

264 844 384 911 Apta
403 844 497 894 dies
521 844 706 908 legitur,
729 865 815 913 qua
837 847 996 896 moenia
1020 847 1163 911 signet
1185 859 1343 896 aratro.

328 921 459 971 Sacra
479 921 599 972 Palis
619 923 830 973 suberant
850 944 861 972 ε
881 924 984 973 inde
1004 936 1207 974 movetur
1229 944 1355 992 opus.

1616 939 1683 972 820

262 1001 400 1049 Fossa
419 1000 470 1049 fit
491 1000 547 1050 ad
566 1000 787 1060 solidum;
813 1001 961 1066 fruges
979 1002 1202 1068 jaciuntur
1222 1002 1268 1050 in
1291 1002 1403 1059 ima3

259 1112 361 1149 Orat.
376 1112 410 1156 1,
423 1125 459 1147 n.
471 1112 524 1148 33.
533 1130 578 1139 —
588 1114 766 1153 Convenit,
784 1113 940 1160 compla-

260 1171 316 1200 cet
331 1177 373 1199 ex
385 1171 494 1209 pacto.
509 1164 564 1200 De
579 1165 714 1212 syntaxi
731 1164 798 1200 vid.
815 1165 938 1202 Heins.

257 1223 293 1251 et
303 1216 498 1252 Burmann.
509 1214 552 1250 ad
564 1214 712 1251 Remed.
725 1217 847 1252 Amor.
859 1219 900 1264 ⁴7
909 1232 935 1252 ι.

257 1266 331 1303 Nisi
345 1266 408 1302 hoc
419 1266 496 1302 loco
505 1266 604 1302 malis
620 1280 684 1313 per
696 1268 861 1304 conducit
877 1269 934 1303 in-

257 1319 452 1365 terpretari.
476 1335 520 1344 —
543 1319 675 1353 Mania
694 1327 804 1364 ponat
828 1333 938 1366 agno-

257 1377 359 1406 scunt
389 1370 563 1414 Ursinus,
590 1371 769 1407 Petavian.
786 1380 820 1408 ct
837 1372 938 1408 multi

260 1422 337 1463 alii3
356 1422 471 1458 ceteri
486 1425 624 1457 nomin
633 1430 751 1467 ponat.
766 1424 936 1460 Dubitare

260 1474 384 1520 possis,
404 1480 525 1509 utrum
541 1474 668 1510 verius.
683 1474 799 1512 Livius
811 1503 821 1520 ,
843 1476 878 1520 1,
894 1477 936 1512 6:

264 1540 282 1557 ιι
298 1525 481 1572 Quoniam
490 1526 622 1572 gemini
632 1533 748 1562 essent
756 1553 766 1571 ,
777 1540 842 1563 nec
852 1535 937 1563 eta-

261 1592 280 1608 »
296 1578 339 1614 tis
370 1577 581 1614 verecundia
607 1578 794 1615 discrimen
822 1581 935 1616 facere

262 1646 279 1661 ι·
297 1637 412 1678 posset
422 1656 433 1673 ,
450 1637 490 1666 ut
504 1630 586 1675 Dii,
604 1638 756 1678 quorum
767 1633 883 1669 tutele
895 1646 937 1668 ea

262 1698 279 1714 u
296 1682 370 1718 loca
379 1690 495 1718 essent
504 1708 515 1727 ,
526 1684 676 1730 auguriis
689 1684 863 1732 legerent,
876 1686 935 1732 qui

261 1752 279 1768 »ι
296 1747 428 1773 nomen
438 1747 540 1772 nova
552 1735 631 1772 urbi
645 1735 762 1781 daret,
773 1737 833 1784 qui
848 1750 937 1773 con-

262 1803 280 1819 »
296 1788 406 1825 «litam
420 1788 571 1835 imperio
586 1796 738 1836 regeret.
757 1804 774 1820 υ
797 1789 936 1838 Diony-

259 1841 328 1877 sius
340 1866 351 1884 ,
373 1841 408 1885 Ι,
434 1841 477 1877 85
500 1853 509 1876 z
535 1839 756 1887 ambigebant
767 1867 777 1885 ,
801 1843 935 1892 ὁποτέρου

260 1899 320 1942 χρὴ
341 1900 397 1937 τὴν
415 1894 555 1930 ἆκοικίεν
570 1896 706 1939 lirum(
718 1899 773 1930 καὶ
790 1901 844 1936 τὴν
865 1898 935 1939 ἐγι-

257 1952 365 1990 posim
381 1948 471 1983 ἱιναι.
485 1945 624 1982 Ennius
648 1958 656 1980 :
675 1959 693 1977 κ
718 1944 932 1991 Certabant,

260 2016 276 2030 ›-
297 1999 421 2035 urbem
439 1998 638 2035 Romamne
658 1998 853 2034 Remarnne
871 2012 934 2034 vo·

261 2068 279 2083 υ
295 2058 424 2088 carent.
437 2065 456 2082 ι·
470 2051 574 2088 Nunc
586 2050 702 2087 forsan
717 2055 840 2086 annm
856 2053 932 2097 jure

257 2102 458 2150 presertun
474 2102 534 2138 ubi
544 2102 640 2137 euim
648 2102 819 2138 Romulus
829 2103 907 2138 vicit
922 2130 931 2146 ,

254 2163 338 2202 opta
357 2158 432 2191 dies
452 2157 588 2200 legitur,
609 2168 675 2200 qua
689 2158 811 2190 aenea
825 2160 937 2200 signe!

248 2216 388 2249 araim.
404 2220 491 2244 vers.
504 2210 579 2256 819.

300 2261 377 2297 813.
402 2260 457 2296 Ab
481 2272 545 2297 avo
568 2258 759 2303 admoniti,
778 2259 933 2305 auspiciis

250 2325 332 2349 «rem
354 2310 589 2347 dirimendam
615 2310 836 2346 committere
862 2323 931 2345 vo-

255 2366 419 2406 luerunt;
439 2363 585 2410 Dionys.
601 2361 695 2397 dicto
710 2361 933 2397 lom—Ex-

246 2421 429 2463 pera-nr,
440 2416 661 2453 consulamus
673 2430 682 2459 ς
700 2414 832 2451 Plinius
843 2441 853 2458 ,
871 2414 905 2451 11
919 2441 928 2458 ,

257 2472 320 2517 Ep.
338 2482 382 2505 xx
395 2496 405 2514 ,
422 2471 443 2515 4
459 2483 468 2505 :
485 2468 655 2515 haruspex
667 2494 677 2512 ,
698 2482 715 2498 κ
730 2479 835 2513 quem
851 2478 929 2501 sum

246 2540 272 2557 ο
281 2524 487 2569 frequenter
496 2526 665 2567 expertus.
679 2519 930 2559 n-laeazmdm

254 2575 308 2609 alii
320 2574 416 2610 MSS
425 2572 549 2607 ordine
562 2573 713 2615 invem,
724 2573 813 2606 ade?-
821 2595 829 2603 .
838 2573 927 2607 Just.

253 2639 360 2673 quem
379 2626 542 2661 ordinem
561 2623 699 2660 Mitsch.
716 2622 930 2670 pretulit.—

252 2682 436 2716 Avente'aens
445 2678 487 2713 ab
496 2690 539 2712 eo
549 2677 659 2713 dictus
669 2678 828 2711 Remuria
836 2702 844 2716 ,
854 2682 926 2720 aut,

244 2738 290 2767 sat
302 2730 417 2768 Greci
434 2728 589 2766 scribunt
602 2724 754 2781 ῥυμομὶ.
764 2746 809 2756 -
820 2729 926 2764 Volu-

1004 1126 1094 1154 ειη,
1113 1125 1242 1160 nempe
1253 1112 1406 1148 vultures
1417 1139 1427 1157 ,
1440 1111 1564 1158 quibus
1573 1138 1582 1155 ,
1595 1124 1681 1157 quo-

1004 1165 1099 1199 niam
1116 1177 1181 1200 nee
1197 1164 1312 1211 pecori
1326 1192 1336 1208 ,
1353 1177 1419 1200 nec
1434 1163 1514 1199 satis
1530 1170 1678 1206 nocent,

1002 1216 1154 1251 Romani
1177 1216 1212 1250 in
1233 1215 1389 1262 auspiciis
1409 1215 1598 1262 plurimum
1615 1215 1678 1249 tri-

1001 1269 1179 1311 buebant3
1201 1268 1376 1305 Plutarch.
1404 1267 1496 1303 dicto
1522 1267 1607 1303 loco.
1638 1267 1678 1303 ln

1004 1322 1160 1367 auspiciis
1184 1321 1249 1357 illis
1274 1320 1401 1367 aliquid
1428 1320 1558 1356 fraudis
1576 1333 1680 1355 com—

1002 1373 1144 1407 missum
1163 1385 1235 1408 esse
1262 1386 1280 1407 a
1298 1372 1470 1415 Romulo,
1490 1371 1679 1420 Dionysius

1000 1425 1129 1471 prolixe
1150 1432 1286 1466 narrat;
1308 1424 1389 1459 inde
1412 1425 1678 1460 contentionem

999 1489 1071 1511 essc
1084 1482 1216 1518 ortam,
1235 1488 1340 1522 quam
1356 1474 1543 1511 multitudo
1560 1488 1679 1510 accen·

999 1528 1110 1569 derit;
1124 1528 1159 1563 in
1171 1540 1287 1575 pugna
1299 1528 1475 1574 utrimque
1488 1527 1616 1563 multos
1625 1542 1677 1562 cc-

998 1581 1117 1617 cidisse
1137 1608 1147 1624 ,
1168 1581 1272 1616 etiam
1294 1581 1448 1616 Remum
1469 1587 1503 1615 et
1528 1581 1677 1615 Faustu-

1000 1634 1073 1669 lum
1091 1661 1100 1676 ,
1126 1646 1236 1679 quum
1263 1634 1350 1668 iram
1376 1632 1542 1668 dirimere
1563 1632 1674 1667 vellet.

999 1686 1070 1722 Sed
1084 1686 1232 1723 Ovidius
1245 1685 1372 1721 samam
1384 1686 1552 1732 sequitur,
1570 1698 1674 1731 quam

1000 1738 1138 1783 Livius,
1158 1738 1251 1774 dicto
1267 1738 1343 1773 loco
1367 1738 1595 1785 vulgatiorem
1612 1751 1677 1772 vo-

998 1798 1053 1827 cat
1064 1818 1074 1835 ,
1091 1805 1131 1827 ex
1143 1804 1210 1838 qua
1224 1791 1373 1834 Remus,
1386 1791 1495 1826 muris
1508 1790 1577 1836 jam
1590 1790 1675 1835 posi-

999 1842 1041 1878 tis
1051 1870 1060 1885 ,
1076 1842 1240 1888 periit.—
1252 1843 1437 1877 Arbitrium
1448 1844 1538 1876 urm
1554 1843 1669 1880 habet.

998 1892 1128 1940 pendet
1153 1892 1195 1927 ab
1219 1905 1263 1927 eo
1289 1892 1343 1937 ius
1366 1891 1537 1939 ponende
1560 1892 1673 1934 urbis,

998 1957 1219 1991 quocumque
1236 1944 1311 1980 loco
1327 1945 1440 1980 vellet.
1452 1963 1493 1970 —
1505 1946 1581 1988 Qua
1596 1957 1673 1977 ne·

997 2000 1078 2035 mh:
1100 1996 1246 2031 lansius
1263 2008 1281 2031 e
1299 1995 1457 2031 Juniano
1477 2001 1512 2030 et
1524 2007 1581 2031 sex
1603 1995 1674 2030 aliis

1000 2048 1138 2096 prefert
1153 2062 1223 2094 qne
1233 2076 1241 2088 .
1259 2048 1385 2084 scilicet
1401 2047 1484 2084 dies.

1041 2103 1117 2137 82¹.
1140 2102 1261 2145 Ritus,
1279 2101 1403 2148 quibus
1426 2101 1507 2136 urbs
1522 2100 1672 2136 condita.

999 2154 1100 2191 Ritus
1124 2161 1160 2189 et
1189 2154 1262 2189 illos
1286 2161 1321 2188 et
1346 2153 1428 2189 alios
1454 2153 1604 2189 Romani
1630 2154 1671 2188 ab

998 2206 1152 2244 Etruscis
1168 2213 1378 2242 sumserunt.
1404 2204 1547 2240 Festus:
1569 2221 1584 2234 ιι
1609 2205 1672 2240 Ri-

999 2277 1016 2291 u
1035 2260 1142 2296 tuales
1154 2259 1384 2295 nominantur
1397 2257 1623 2293 Etruscorum
1637 2258 1669 2291 li-

999 2329 1015 2343 ·-
1033 2312 1111 2357 bri,
1137 2313 1172 2347 in
1194 2311 1318 2359 quibus
1343 2310 1571 2357 pemriptum
1597 2317 1668 2353 est,

998 2379 1015 2394 υ
1034 2376 1103 2410 quo
1121 2363 1191 2399 ritu
1209 2361 1407 2398 condantur
1425 2362 1527 2396 urbes
1539 2387 1548 2402 ,
1575 2374 1642 2395 arn
1658 2388 1667 2404 ,

998 2433 1015 2448 »-
1032 2415 1122 2453 ades
1134 2422 1337 2459 sacrentur,
1359 2429 1376 2444 υ
1398 2421 1461 2449 etr,
1487 2415 1601 2449 Varro
1624 2414 1666 2449 de

997 2467 1099 2514 Ling.
1126 2467 1197 2503 Lat.
1226 2467 1303 2503 lv:
1327 2481 1343 2494 ⁴·
1368 2464 1508 2512 Oppida
1529 2465 1665 2501 conde-

997 2535 1014 2551 ·
1031 2520 1114 2555 bant
1130 2519 1164 2554 in
1179 2518 1276 2554 Latio
1291 2516 1438 2553 Etrusco
1453 2518 1520 2552 ritu
1539 2517 1645 2551 multa
1656 2544 1665 2559 ,

996 2587 1014 2603 υ
1034 2570 1068 2606 id
1079 2578 1131 2607 est
1146 2570 1271 2616 junctis
1286 2569 1397 2604 bubus
1408 2595 1417 2611 ,
1438 2576 1538 2603 tauro
1548 2575 1584 2603 et
1594 2580 1665 2603 vac·

997 2639 1013 2653 ¹·
1030 2635 1068 2658 ca
1085 2648 1096 2666 ,
1122 2621 1287 2657 interiore
1314 2627 1428 2656 aratro
1452 2620 1664 2665 circumage—

996 2690 1012 2706 ιο
1029 2675 1113 2711 bant
1130 2674 1273 2709 sulcum.
1293 2689 1308 2702 ··
1329 2673 1470 2709 Plenius
1490 2672 1564 2708 illos
1581 2672 1664 2706 ritus

993 2732 1166 2762 memorat
1187 2723 1392 2761 Plutarchus
1410 2723 1503 2758 dicto
1521 2723 1605 2757 loco.
1627 2740 1668 2748 —
