1826 3054
506 299 914 345 FASTORUM
950 300 1084 343 LIB.
1126 299 1194 342 ΙΙ.

1479 295 1562 356 149

153 397 282 444 Mens
311 395 429 452 abit,
452 404 496 447 et
517 394 709 451 morior,
736 392 908 459 quoties
931 390 1171 458 pugnantis
1190 388 1334 452 imago

217 474 293 520 Me
317 470 439 519 subit
457 490 466 517 ε
485 481 528 518 et
548 468 740 532 gelidum
760 479 940 535 pectora
961 468 1098 532 frigus
1116 467 1263 515 habet.

156 547 332 596 Desinit
353 547 399 593 in
422 545 632 612 lacrymas
647 582 658 603 ‚
683 545 940 612 intentaque
960 544 1034 593 fila
1058 543 1243 592 remittit
1258 580 1270 601 ‚

1504 547 1568 599 7⁵5

221 625 274 670 ln
298 621 462 685 gremio
485 621 657 669 vultum
680 621 973 688 deposuitque
997 641 1136 671 suurn.

157 700 255 747 Hoc
278 699 424 765 ipsum
448 698 595 747 decuit
615 718 624 746 :
644 697 841 763 lacrymae
861 698 1042 747 decuere
1063 697 1266 764 pudicam
1286 712 1296 754 ;

222 777 281 823 Et
303 776 434 823 facies
449 776 602 823 'animo
627 774 845 841 dignaque
867 794 1033 842 parque
1057 775 1154 823 fuit.

156 853 279 900 Pone
303 865 466 901 metum
480 891 492 911 ‚
513 852 640 901 venio
656 889 668 910 ,
695 852 857 917 conjux
877 852 939 900 ait
958 873 966 899 :
993 851 1067 899 illa
1088 851 1269 910 revixit3

217 931 371 997 Deque
391 931 473 978 viri
494 930 609 978 collo
633 929 759 978 dulce
782 929 993 996 pependit
1016 947 1142 977 onus.

156 1009 327 1055 Interea
346 1008 514 1072 juvenis
537 1006 715 1054 furiales
733 1007 880 1068 regius
904 1006 1032 1068 ignes

225 1085 457 1150 Concipit,
484 1097 527 1133 et
551 1103 662 1132 caeco
683 1096 836 1150 raptus
857 1103 1002 1132 amore
1023 1082 1143 1130 furit.

160 1197 380 1233 bellatoribus
395 1199 545 1234 occurrit
558 1212 568 1239 ;
591 1198 647 1232 hic
660 1198 754 1233 verb.
770 1201 838 1232 ruit

162 1251 285 1286 metius
296 1259 339 1300 τῷ
350 1255 495 1296 quolibet
501 1252 689 1286 convenire
700 1258 835 1292 monet,

162 1309 199 1337 et
210 1315 301 1337 ruere
315 1303 452 1348 proprie
470 1302 751 1337 temerariorum.
767 1302 839 1336 Be-

165 1366 221 1387 ne.
231 1371 274 1378 -
289 1355 387 1388 Mens
401 1356 477 1388 abit
489 1353 697 1399 perturbatis
709 1354 838 1387 animo.

165 1405 221 1439 lv
232 1405 377 1439 Metam.
393 1419 403 1439 ι
413 1408 452 1451 75
465 1431 474 1448 ,
489 1420 506 1435 «
517 1417 618 1439 mens
630 1404 764 1439 excidit.
776 1419 839 1434 »—

165 1458 353 1501 Pugnantt's
364 1462 475 1502 imago
486 1471 538 1492 me
548 1460 640 1492 subit
651 1484 659 1496 ‚
679 1469 840 1502 pugnan-

165 1515 238 1542 tem
249 1509 562 1553 cogito.-Subeunt
568 1535 577 1550 ,
591 1521 668 1554 quae
677 1508 840 1542 oriuntur

165 1560 203 1593 in
219 1560 348 1595 animo.

211 1614 284 1657 755.
306 1614 440 1648 Intenta
460 1613 590 1648 habent
615 1611 715 1647 multi
743 1610 839 1646 MSS

167 1670 203 1698 et
215 1663 269 1698 ed.
281 1663 360 1699 Ald.
375 1665 563 1709 posterior;
581 1664 641 1699 sed
658 1663 773 1699 caeteri
787 1666 842 1697 in—

166 1724 276 1761 coepta
289 1716 479 1762 praeserunt
488 1717 606 1762 ‚utVI
618 1717 765 1751 Metam.
780 1715 822 1758 34
831 1741 841 1757 9
901 1715 903 1717 ¹

168 1783 186 1798 ·‹
203 1769 420 1816 inooeptaque
438 1771 495 1806 fila
518 1770 694 1815 relinquit.
717 1784 735 1800 »
750 1768 842 1803 Mihi

167 1819 202 1854 h.
212 1820 234 1854 l.
247 1824 375 1856 intenta
375 1824 446 1868 fila
457 1823 580 1857 melius
591 1822 698 1857 verbo
709 1823 846 1855 remittit

168 1873 355 1907 convenire
369 1873 543 1909 videntur.
556 1873 735 1909 Caeterum
745 1871 845 1907 simi*-

167 1922 214 1957 lia
242 1923 409 1969 figmenta
440 1925 712 1960 memoravimus
739 1924 786 1958 ad*
808 1924 844 1958 11

171 1973 319 2009 Metam.
335 1974 412 2010 60¹.
428 1993 472 2003 —
487 1978 602 2011 Decus
617 1976 702 2010 illud
719 1976 847 2010 Noster

173 2025 296 2070 passim
308 2027 442 2062 notavit
456 2027 615 2063 IVMet.
631 2028 696 2062 230
712 2040 721 2062 z
738 2042 755 2057 «ι
769 2027 847 2072 Ipse

175 2091 193 2107 ³»
209 2078 315 2112 timor
331 2078 462 2121 decuit3
481 2080 733 2114 »etvers.33o:
746 2094 762 2109 κ
777 2078 848 2114 Sed

175 2143 194 2160 »ι
210 2138 247 2165 et
273 2131 452 2166 erubuisse
473 2130 626 2166 decebat.
643 2145 661 2162 >2
690 2130 782 2165 Vide
805 2130 850 2165 ad

175 2183 373 2226 Meevlll,
383 2185 436 2216 25.
443 2183 528 2217 Post
535 2184 647 2217 decuit
656 2182 760 2228 igitur
769 2194 849 2217 eum

176 2234 208 2268 vi
226 2233 366 2269 additur
378 2260 389 2278 ,
412 2236 567 2280 lacryma·
588 2236 724 2267 decuere
741 2235 854 2277 pudi-

175 2300 250 2321 cam
261 2314 269 2328 ,
283 2287 407 2332 quibus
422 2287 552 2331 optime
564 2286 780 2322 conveniunt
789 2298 853 2331 sqq

175 2346 210 2373 et
214 2340 331 2384 facies
345 2346 410 2375 ete.
427 2339 561 2374 Merito
575 2339 682 2385 igitur
696 2339 792 2374 hanc·
802 2339 854 2380 le-

177 2391 281 2427 ction.
292 2403 468 2427 revocasse
475 2392 575 2426 nobis
583 2391 753 2426 videmur.
762 2391 856 2426 Nam

180 2443 346 2479 Heinsius
366 2457 407 2479 ex
430 2443 527 2479 MSS
549 2444 670 2478 Ursin.
691 2444 803 2489 Naug.
821 2450 858 2478 et

180 2503 259 2530 octo
276 2497 347 2532 aliis
365 2500 520 2543 Iacrymae
540 2499 687 2531 cecidere
699 2498 831 2540 pudzzae
841 2522 850 2535 ,

183 2559 260 2592 que
284 2548 387 2583 verba
413 2555 490 2593 post
517 2548 696 2593 superiora
722 2549 862 2581 Desinit

182 2603 219 2633 in
235 2601 402 2645 lacrymas
418 2599 610 2634 admodum
629 2598 860 2645 languent.—

184 2653 338 2697 Propter
349 2652 453 2689 decus
466 2654 504 2688 in
513 2653 750 2697 flendofacies
758 2655 860 2697 digna

187 2711 262 2738 erat
286 2707 407 2739 animo.
433 2705 521 2741 Haec
545 2706 678 2752 optime
708 2705 800 2740 inter
824 2718 861 2739 se

188 2755 376 2791 cohaerent.

236 2811 309 2855 759.
334 2808 492 2854 Repente
516 2823 551 2845 se
575 2809 690 2856 prodit
713 2808 864 2855 vimqui

901 1197 1013 1232 adhuc
1034 1196 1144 1231 latens
1162 1207 1246 1231 turn
1263 1193 1446 1229 comitibus
1469 1191 1575 1227 verba

901 1249 1058 1294 conjugis
1081 1248 1232 1282 amantia
1255 1246 1440 1280 audiverat.
1462 1245 1515 1278 Ita
1539 1250 1576 1278 et

902 1301 999 1336 dictis
1014 1307 1049 1335 et
1064 1300 1160 1335 factis
1179 1299 1378 1340 constabat,
1405 1303 1577 1342 quantum

903 1352 1063 1386 Lucretia
1084 1357 1260 1397 praestaret
1284 1348 1483 1384 caeteris.—
1506 1347 1577 1381 Pro

903 1408 998 1438 venio
1013 1403 1157 1448 Neapoli
1173 1415 1248 1437 non
1263 1400 1416 1446 displicet
1432 1400 1495 1434 alia
1511 1400 1578 1433 lec-

902 1457 952 1490 tio
963 1482 973 1499 ,
989 1460 1075 1491 veni.
1091 1457 1133 1491 In
1148 1468 1183 1490 se
1202 1461 1390 1500 utrumque
1407 1453 1512 1487 habet
1525 1452 1580 1486 lo-

902 1521 983 1543 cum
997 1522 1005 1549 ;
1018 1508 1077 1543 sed
1089 1508 1187 1542 MSS
1198 1507 1354 1552 plerique
1365 1518 1407 1540 ex
1418 1511 1580 1551 praestan·

903 1561 1048 1597 tioribus
1061 1564 1158 1595 venio
1171 1558 1369 1605 praeferunt.
1392 1559 1512 1592 Venire
1525 1569 1580 1590 au-

905 1620 978 1647 tem
991 1613 1093 1648 simili
1108 1611 1214 1646 modo
1227 1612 1353 1657 legitur
1363 1611 1417 1646 Vl
1432 1610 1579 1644 Metam.

906 1666 947 1708 43
961 1678 968 1699 :
980 1679 997 1694 «
1015 1665 1111 1699 Tum
1127 1663 1204 1698 Dea
1218 1689 1227 1707 ‚
1246 1663 1362 1705 venit,
1381 1663 1437 1698 ait.
1451 1676 1470 1692 ›-

951 1717 1024 1762 761.
1042 1716 1196 1750 Exornat
1209 1728 1319 1760 usque
1338 1714 1380 1749 ad
1395 1727 1481 1749 vers.
1499 1725 1581 1760 779,

907 1770 1000 1816 quod
1021 1770 1138 1805 Livius
1161 1769 1314 1806 tenuiter
1328 1773 1448 1802 narrat
1465 1780 1474 1801 ε
1492 1781 1508 1796 «
1530 1766 1584 1801 lbi

909 1837 926 1852 »
945 1822 1090 1857 Sextum
1107 1820 1342 1866 Tarquinium
1363 1819 1453 1853 mala
1476 1817 1583 1852 libido

900 1887 929 1906 ¹»
946 1876 1120 1910 Lucretiae
1134 1887 1197 1920 per
1216 1874 1288 1908 vim
1305 1870 1503 1918 stuprandae
1525 1883 1585 1906 ca-

911 1943 928 1958 »
945 1929 1016 1974 pit:
1035 1928 1251 1971 tumsorma,
1269 1933 1346 1961 tum
1356 1931 1504 1971 spectata
1516 1931 1584 1958 cas-

911 1996 928 2011 »
945 1982 1023 2015 titas
1034 1981 1163 2015 incitat.
1176 1979 1386 2014 »·—Malam
1399 1977 1493 2012 illam
1509 1975 1586 2010 libi-

911 2031 1030 2066 dinem
1041 2032 1171 2066 Noster
1185 2030 1483 2076 gravitersurialcs
1493 2032 1587 2072 ignes

910 2091 1020 2119 vocat.
1038 2083 1202 2118 Heinsius
1211 2082 1364 2124 sun‘atos
1384 2081 1565 2115 invexerat
1576 2106 1586 2124 ‚

913 2135 994 2180 quia
1006 2134 1171 2169 nonnulli
1183 2134 1279 2169 MSS
1284 2134 1438 2179 sun‘atus
1446 2132 1558 2167 haben
1564 2139 1587 2166 t.

915 2186 1008 2231 Quae
1016 2198 1116 2221 causa
1125 2185 1287 2221 mutandi
1301 2198 1374 2220 non
1386 2185 1466 2220 satis
1478 2183 1588 2230 gravis

913 2238 1001 2272 mihi
1017 2237 1165 2272 videtur.
1186 2236 1288 2272 Adde
1302 2263 1312 2281 ‚
1337 2235 1431 2282 quod
1444 2236 1590 2280 furialis·

915 2301 1004 2334 sape
1019 2288 1112 2334 apud
1130 2289 1303 2324 Nostrum
1315 2288 1461 2334 legitur,
1478 2294 1518 2321 ut
1525 2286 1593 2331 fu-

916 2341 1012 2374 rialis
1020 2341 1136 2380 cedes,
1142 2339 1292 2383 sitriales
1304 2352 1440 2380 mense,
1444 2339 1593 2383 fim'alia

917 2405 1031 2434 arma,
1057 2391 1118 2427 sed
1129 2392 1495 2436 sun'atus'nunquam.
1511 2391 1593 2425 Re-

918 2445 1037 2481 vocavi
1064 2445 1171 2490 igitur
1198 2444 1365 2488 alterum,
1393 2443 1486 2490 quod
1514 2451 1551 2479 et
1573 2456 1594 2479 a

919 2497 1112 2532 Mitscherl.
1126 2497 1256 2532 factum
1274 2496 1376 2532 video
1387 2522 1396 2539 ,
1415 2503 1451 2532 et
1466 2509 1486 2530 a
1501 2495 1595 2531 Len-

920 2550 984 2584 zio.
998 2567 1043 2575 —
1063 2550 1197 2593 Raptus
1218 2548 1289 2583 istis
1312 2548 1448 2594 ignibus
1471 2547 1595 2582 melius

921 2600 1106 2644 convenit,
1130 2612 1235 2645 quam
1249 2604 1368 2644 captus
1382 2599 1540 2636 aliorum.
1551 2618 1595 2625 —

922 2653 995 2687 Pro
998 2651 1090 2695 furit
1099 2651 1222 2687 Heius.
1229 2650 1416 2694 deditruit‚'
1424 2652 1582 2686 Burman
1589 2676 1598 2685 .

922 2705 1052 2748 nescit,
1065 2704 1159 2740 unde
1170 2704 1237 2740 hoe
1246 2705 1408 2740 sumserit
1417 2731 1426 2748 ,
1440 2716 1550 2750 quum
1559 2704 1597 2738 in

923 2757 1021 2792 nullo
1039 2756 1166 2802 scripto
1181 2762 1241 2791 aut
1260 2756 1355 2792 edito
1372 2757 1461 2791 libro
1480 2762 1600 2790 exstet.

927 2808 1114 2846 Heinsium
1122 2814 1238 2845 tamen
1246 2808 1403 2854 sequitur
1408 2807 1601 2845 Mitscherl.
