1826 3054
248 191 330 249 144

629 194 683 238 P.
724 192 962 240 ovlml
995 193 1292 241 NASONIS

304 285 359 333 In
379 283 547 334 medios
568 284 723 335 hostes
742 297 871 335 nocte
892 284 1047 336 silente
1071 287 1204 338 venit.

239 361 472 412 Nudarant
494 361 665 427 gladios
684 383 696 415 ς
719 363 929 423 occidite,
953 363 1088 422 dixit,
1115 364 1340 415 inermem.

304 442 404 493 Hoc
428 442 611 510 cupiant
631 442 810 502 fratres,
831 442 1190 511 Tarquiniusque
1213 456 1340 511 pater
1354 482 1367 502 ‚

241 518 335 584 Qui
358 538 455 569 mea
479 519 647 569 crudeli
671 518 878 569 laceravit
896 520 1076 570 verbere
1094 531 1243 584 tergm

1597 537 1665 583 ⁶9⁵

305 597 465 647 Dicere
487 610 539 647 ut
560 597 649 647 hoc
670 609 852 665 posset,
877 597 1059 649 verbera
1077 616 1235 665 passus
1256 611 1360 648 erat.

238 677 367 725 Luna
389 675 477 724 fuit
498 695 507 723 :
529 685 731 742 spectant
750 675 977 740 juvenem,
1000 675 1260 743 gladiosque
1279 676 1554 733 recondunt,

304 752 537 820 Tergaque
550 789 564 811 ,
589 751 778 807 deducta
797 764 941 811 veste,
964 763 1118 803 notata
1139 751 1313 802 vident:

239 830 370 887 Flent
394 849 597 898 quoque,
618 841 688 890 et,
713 842 765 879 ut
787 848 935 880 secum
958 842 1135 879 tueatur
1155 829 1300 889 bella,
1321 841 1571 898 precantur.

306 906 509 973 Callidus
530 908 698 972 ignaris
720 908 878 957 annuit
899 906 974 961 ille
994 907 1114 957 viris.
1603 930 1672 967 7⁰0

239 987 426 1054 Jamque
449 997 637 1054 potens,
660 986 797 1035 misso
820 985 1065 1050 genitorem
1084 983 1278 1053 appellat
1298 984 1460 1040 amico,

307 1063 533 1116 Prodendi
555 1063 750 1121 Gabios,
775 1063 898 1131 quod
921 1063 1009 1112 sibi
1030 1074 1249 1112 monstret
1270 1062 1386 1112 iter?

242 1138 416 1191 Hortus
440 1140 640 1190 odoratis
663 1140 846 1190 suberat
865 1139 1135 1189 cultissimus
1154 1138 1308 1187 herbis
1322 1176 1335 1196 ,

306 1219 463 1269 Sectus
487 1219 671 1268 humum
694 1218 790 1268 rivo
814 1217 911 1267 lene
935 1216 1136 1266 sonantis
1159 1234 1295 1282 aquae.

282 1357 359 1406 693.
384 1355 481 1393 Cum
506 1355 561 1392 his
580 1356 624 1392 cf.
639 1356 747 1392 verba
762 1354 922 1400 ejusdcm

240 1409 378 1455 iuvenis
393 1405 486 1456 apud
502 1408 662 1451 Livium,
679 1406 739 1443 ubi
765 1407 865 1454 plura
880 1406 924 1442 ad

241 1461 397 1497 Gabinos
424 1459 619 1496 movendos
638 1466 675 1495 et
699 1459 924 1506 decipiendos

242 1520 333 1560 apta,
345 1512 406 1550 sed
414 1511 503 1549 nihil
516 1511 561 1547 de
572 1512 771 1551 uerberibus.
785 1523 862 1557 quoe
877 1517 924 1546 ta·

240 1578 325 1602 men
342 1571 379 1601 et
397 1578 417 1600 a
430 1564 578 1612 Dionys.
586 1570 691 1610 atque
703 1563 810 1599 Floro
823 1563 839 1599 1
853 1588 863 1606 ,
883 1577 900 1609 7
911 1589 922 1606 ,

240 1623 579 1654 commemorantur.
587 1614 780 1652 Dissidium
791 1628 811 1650 a
824 1622 924 1661 patre

241 1669 286 1707 de
302 1669 394 1706 bello
404 1668 563 1706 finiendo
571 1667 807 1711 simulaverat,
818 1674 924 1713 atque

243 1723 346 1770 virgis
360 1735 396 1759 se
413 1720 499 1759 cadi
513 1721 550 1757 in
565 1720 643 1756 soro
658 1733 775 1767 passus
784 1726 870 1756 erat.
880 1737 927 1750 ·—

243 1774 503 1821 conjunctivus
512 1777 666 1820 cupiam,
680 1785 787 1819 quem
803 1773 924 1809 Petav.

242 1826 403 1863 Francos.
414 1834 450 1863 et
460 1833 531 1863 tres
541 1825 597 1861 alii
606 1824 785 1870 exhibent,
798 1824 924 1860 melius

241 1893 278 1915 se
295 1879 419 1923 habet.
436 1890 544 1926 quam
563 1877 654 1924 vulg.
671 1881 818 1923 custeint.
835 1877 924 1913 Sino

242 1927 389 1968 insinu'li
398 1929 536 1975 fraude,
545 1924 630 1966 AEn.
641 1930 691 1974 11,
710 1930 787 1974 104:
799 1943 817 1959 σι
827 1929 924 1964 Jam-

242 1996 262 2014 ²·
275 1981 411 2018 dudum
419 1982 547 2018 sumite
555 1981 778 2028 ponaszlioc
786 1979 924 2016 Ithacus

243 2051 262 2066 »a
277 2034 378 2079 velit,
396 2042 433 2071 et
450 2046 581 2081 magno
600 2039 803 2069 mercentur
818 2032 925 2068 Atri-

245 2103 263 2119 n
279 2087 344 2124 do.
362 2103 380 2119 υ
399 2086 455 2124 Cf.
472 2085 612 2123 etinsra
627 2085 699 2131 lv,
716 2086 792 2134 890.

268 2140 345 2190 698.
354 2140 427 2177 Pro
439 2141 583 2176 deducu
590 2139 721 2186 Regius
730 2151 833 2182 unus,
846 2138 923 2174 Mo·

241 2193 309 2230 reti
325 2199 363 2231 et
379 2191 466 2230 alius
482 2194 630 2228 de'dncea.
649 2191 741 2227 Vide
759 2190 802 2227 ad
831 2190 923 2227 xul

242 2245 335 2283 Met.
350 2245 436 2293 284,
452 2244 512 2281 ubi
529 2244 671 2293 Ulysses
694 2243 840 2279 vulnera
862 2256 924 2279 sua

242 2299 361 2345 jactat,
370 2304 409 2334 et
415 2304 457 2334 ut
465 2297 577 2334 verbis
586 2296 694 2332 fidem
703 2295 817 2340 faciat,
827 2311 844 2326 σι
853 2308 925 2332 ves·

245 2366 262 2381 ν»
278 2359 351 2388 tem
365 2363 475 2387 manu
490 2349 644 2387 deducit.
655 2365 672 2380 ι·
692 2347 764 2385 Sed
780 2355 815 2384 et
826 2348 873 2384 ibi
886 2348 924 2383 in

242 2403 391 2440 lectione
404 2402 538 2439 variant
549 2401 648 2438 MSS
655 2407 691 2437 et
703 2400 786 2436 Intt.
797 2398 926 2435 Nosibi

242 2457 402 2493 deducere
410 2482 419 2497 ,
432 2468 452 2490 a
461 2453 641 2501 superiore
655 2451 811 2499 cca-poris
826 2456 925 2497 parte

243 2508 427 2545 detrahere
440 2535 450 2552 ,
468 2508 704 2555 praetuIimus,
721 2506 802 2554 quia
813 2507 924 2541 devu-

242 2565 295 2602 ce',
314 2560 349 2595 in
369 2559 519 2596 diversas
536 2568 650 2607 partes
672 2557 783 2602 trahi,
808 2555 925 2592 tunica

244 2624 318 2648 non
337 2612 471 2660 potuit,
485 2613 550 2648 nisi
569 2613 680 2649 scissa.
702 2611 757 2648 Ibi
779 2616 817 2647 et
830 2621 925 2646 non-

244 2663 339 2701 nulla
354 2663 503 2701 diximus
519 2664 563 2701 de
574 2678 673 2700 more
683 2665 732 2701 sic
741 2670 926 2701 ostentan-

245 2716 281 2752 di
295 2722 355 2754 sut
374 2714 577 2763 affirmandi
592 2716 748 2753 vulnera.
763 2715 820 2755 De
839 2727 924 2753 voce

984 1357 1146 1391 deducere
1159 1354 1239 1390 vide
1250 1362 1285 1390 et
1299 1353 1341 1389 ad
1358 1354 1412 1389 III
1434 1354 1579 1389 Metam.
1593 1355 1669 1398 480.

986 1426 1029 1435 —·
1047 1409 1156 1447 Note.
1172 1407 1363 1449 cicatrices,
1375 1418 1452 1451 quc
1462 1406 1497 1440 in
1509 1413 1588 1441 cute
1601 1405 1670 1441 dis-

985 1466 1105 1506 cerpta
1120 1466 1277 1494 manent.
1294 1459 1418 1494 Horat.
1437 1458 1475 1501 1,
1495 1458 1565 1493 od.
1584 1468 1668 1500 xm,

991 1526 1042 1553 na;
1055 1511 1232 1554 Tibullus,
1246 1510 1319 1553 IV,
1333 1521 1379 1544 ιιι
1390 1536 1400 1553 ,
1418 1523 1477 1554 ιο,
1495 1509 1672 1544 «hamati,

990 1578 1007 1593 υ
1019 1575 1123 1598 crura
1139 1569 1263 1598 notare
1279 1561 1385 1597 rubis.
1395 1576 1414 1591 ι·
1429 1580 1476 1589 -
1485 1563 1600 1597 Herus
1615 1561 1671 1596 ille

987 1626 1113 1660 parum
1132 1613 1234 1649 decet
1251 1619 1405 1649 armatos
1423 1611 1538 1648 hostes
1550 1638 1559 1655 ,
1576 1612 1671 1647 inter

988 1679 1075 1713 quos
1091 1666 1219 1702 Sextus
1234 1666 1420 1712 eloquitur.
1435 1683 1483 1693 -
1499 1666 1547 1699 U!
1559 1677 1670 1699 secum

987 1726 1124 1756 tucatur
1137 1722 1226 1755 bella
1236 1746 1245 1760 ,
1263 1726 1302 1754 ut
1313 1732 1351 1755 se
1366 1718 1507 1764 adjuvet
1522 1718 1559 1752 in
1579 1717 1672 1753 bello

986 1771 1124 1807 sortiter
1132 1770 1291 1817 gerendo
1300 1778 1337 1806 et
1345 1768 1600 1806 continuando.
1612 1768 1671 1803 Li—

987 1824 1076 1867 vius,
1091 1822 1241 1866 xxm,
1258 1822 1315 1865 38,
1334 1836 1358 1855 ι,
1369 1822 1517 1868 pecunia
1527 1820 1571 1856 ad
1585 1820 1674 1856 clas-

990 1890 1006 1906 »
1022 1887 1097 1911 sem
1122 1873 1292 1910 tuendam
1321 1872 1521 1919 bellumque
1547 1885 1673 1908 mace-

990 1943 1007 1959 »
1025 1927 1195 1963 donicum
1216 1925 1369 1963 decreta.
1390 1940 1408 1957 ιι

1033 1994 1107 2028 70¹·
1124 1979 1197 2015 Liv.
1210 1992 1284 2025 cap.
1300 1980 1363 2023 54,
1382 1992 1399 2010 α
1416 1984 1515 2014 tanta
1527 1977 1670 2013 caritate

990 2048 1007 2062 ι·
1025 2040 1114 2077 erat,
1126 2040 1166 2068 ut
1182 2044 1254 2067 non
1271 2038 1370 2078 pater
1379 2030 1592 2076 Tarquinius
1606 2042 1672 2075 po-

993 2102 1009 2115 ·
1030 2086 1162 2122 tentior
1172 2085 1311 2129 Roma,
1326 2095 1431 2130 quam
1450 2082 1542 2118 filius
1551 2081 1671 2118 Gabiis

990 2153 1008 2169 ν
1027 2145 1126 2175 esset.
1143 2153 1160 2170 υ
1179 2138 1307 2175 Noster
1318 2140 1464 2173 aneen-
1484 2134 1646 2171 nominst
1659 2160 1669 2176 ,

988 2190 1181 2239 Dionysius
1201 2189 1392 2232 ramulum.
1406 2195 1466 2225 riv
1480 2190 1672 2238 Sep-rimu

990 2245 1122 2280 τινῶ-
1132 2244 1294 2288 Appellat
1309 2241 1457 2276 alterum
1470 2264 1481 2281 .
1505 2239 1565 2285 qui
1589 2252 1672 2273 rum

989 2310 1033 2331 eo
1046 2296 1136 2342 agit,
1154 2295 1197 2331 ab
1221 2306 1267 2331 eo
1285 2293 1450 2329 auxilium
1467 2292 1571 2338 petit,
1588 2304 1671 2327 eum

989 2355 1101 2396 rogat.

1035 2402 1111 2449 703.
1132 2400 1239 2437 Hunc
1250 2401 1382 2436 hortun
1395 2412 1437 2435 ex
1458 2398 1602 2443 ingenio
1625 2397 1671 2432 sic

988 2454 1169 2492 exornavit
1188 2452 1338 2490 Ovidius
1355 2467 1374 2488 e
1398 2459 1573 2498 precepto
1589 2450 1647 2486 ino
1662 2476 1671 2492 ‚

990 2523 1008 2540 σι
1026 2507 1268 2554 irritumque
1294 2505 1415 2541 bibant
1432 2504 1572 2539 violaria
1591 2503 1673 2537 fon-

992 2576 1010 2592 »
1026 2566 1111 2596 tem.
1128 2574 1145 2590 ι·
1160 2576 1205 2586 -
1227 2557 1323 2594 Tum
1347 2556 1575 2604 papaveribus
1596 2558 1676 2590 Ιιῖίσ

989 2609 1294 2648 substitute—Pro
1303 2618 1414 2645 seem
1429 2607 1530 2643 multi
1539 2614 1651 2651 septus
1662 2620 1674 2647 ,-

991 2677 1058 2700 nee
1077 2661 1287 2699 ‘rsubnem
1303 2660 1409 2697 audet
1426 2658 1671 2707 pronuntiare.

990 2721 1113 2751 utrum
1140 2713 1267 2750 verius.
1286 2711 1462 2758 Equidem
1489 2718 1590 2747 tneor
1611 2720 1673 2744 se·
