1826 3054
545 236 931 280 FASTORUM
967 238 1097 281 LIB.
1128 240 1222 282 VI.

1506 241 1597 303 4¹9

190 327 511 394 Quodcumque
532 339 599 376 est
621 328 794 376 Cereris
817 327 991 386 solidae,
1014 347 1115 377 cava
1136 329 1335 378 machina
1354 331 1547 395 frangam

254 406 566 472 Mollitumque
586 424 719 454 manu
742 406 869 455 duret
891 407 938 454 in
961 407 1059 469 igne
1083 407 1221 456 focus.

190 485 389 532 Jusserat
408 503 416 530 τ
438 495 480 531 et
502 483 647 533 fratris
671 483 794 547 virgo
817 484 1020 532 Saturnia
1042 485 1174 549 jussis

255 562 451 614 Adnuit:
477 573 519 609 et
541 560 691 609 mediae
714 573 911 628 tempora
933 562 1077 610 noctis
1100 573 1235 610 erant.

190 639 288 685 Jam
313 637 498 687 ducibus
523 656 726 685 somnum
750 637 926 686 dederat
946 637 1072 686 labor
1092 657 1101 686 t
1121 638 1320 704 increpat
1339 636 1442 686 illos

1532 653 1597 688 385

254 713 454 780 Jupiter;
476 724 522 761 et
546 732 667 761 sacro
682 750 694 767 ‚
718 712 825 779 quid
848 712 978 770 velit,
1004 733 1078 762 ore
1100 713 1230 761 docet
1249 733 1259 760 :

193 788 368 850 Surgite
383 827 394 845 ‚
417 800 461 836 et
486 788 531 835 in
554 788 722 836 medios
745 789 796 837 de
819 789 1002 838 summis
1023 789 1196 837 arcibus
1219 789 1368 838 hostes

255 867 446 924 Mittite,
473 886 600 933 quam
625 867 803 915 minime
823 867 1004 933 perdere
1029 867 1185 926 vultis,
1209 887 1349 934 opem.

190 942 381 990 Somnus
405 941 522 999 abit,
549 955 838 1009 quaeruntque
859 942 984 991 novis
1005 944 1265 1006 ambagibus
1286 943 1370 991 acti
1385 981 1397 1002 ‚

254 1017 441 1066 Perdere
464 1037 594 1084 quam
618 1017 787 1075 nolint,
814 1031 858 1067 et
877 1019 1114 1084 jubeantur
1129 1056 1141 1075 ‚
1155 1038 1306 1085 opem.

191 1095 305 1144 Ecce
324 1135 336 1154 ‚
363 1097 493 1144 Ceres
516 1097 606 1145 visa
627 1109 693 1144 est
713 1117 723 1145 :
740 1097 906 1162 jaciunt
927 1096 1116 1146 Cerealia
1142 1098 1284 1145 dona:

257 1177 382 1223 Jacta
405 1194 535 1241 super
559 1175 701 1237 galeas
727 1187 937 1241 scutaque
962 1174 1094 1238 longa
1118 1186 1293 1224 sonant.

195 1253 328 1301 Posse
353 1252 463 1300 fame
485 1253 599 1300 vinci
622 1271 723 1318 spes
743 1253 904 1301 excidit
923 1274 933 1300 :
955 1253 1081 1301 hoste
1101 1253 1281 1319 repulso
1295 1289 1309 1311 ‚

262 1330 459 1378 Candida
483 1330 643 1378 Pistori
668 1330 850 1396 ponitur
871 1348 944 1377 ara
963 1329 1078 1377 Jovi.

196 1409 331 1455 Forte
351 1406 595 1455 revertebar
618 1406 742 1455 festis
767 1399 1023 1455 Vestalibus
1046 1403 1146 1453 illac
1160 1442 1174 1463 ‚

191 1547 284 1574 tuum
302 1551 343 1573 ex
357 1536 804 1583 interpretatione.—-Cercs
815 1551 866 1572 so-

191 1594 263 1626 lida
279 1618 288 1630 ,
316 1604 422 1636 grana
444 1591 563 1625 solida.
575 1609 619 1616 —
630 1592 780 1634 Frangat
790 1617 798 1627 ,
827 1602 867 1624 ea

191 1642 455 1678 contundantur
468 1643 552 1677 saxis
569 1642 630 1676 sibi
647 1642 739 1677 illisis
751 1648 809 1676 aut
821 1642 868 1687 pi-

192 1698 237 1732 lo.
253 1697 293 1732 ld
312 1710 450 1743 quoque
469 1697 575 1732 verbo
598 1699 719 1731 molere
733 1709 868 1741 expres-

193 1756 313 1785 serunt
330 1756 464 1784 veteres
477 1763 486 1789 ;
499 1748 575 1783 vide
592 1748 724 1795 Ileynii
737 1747 865 1792 Opusc.

195 1801 303 1837 Acad.
315 1800 380 1835 vol.
397 1802 414 1836 1
426 1827 436 1845 ,
456 1814 488 1846 p.
506 1800 793 1844 357.—Mollitum
805 1812 868 1845 pro

194 1856 354 1888 mollitam
376 1853 488 1898 recepi
515 1866 556 1887 ex
587 1852 722 1886 Heinsii
741 1852 868 1895 conje-

195 1913 316 1944 cturaz
335 1904 503 1949 praecessit
521 1904 618 1938 enim
639 1905 868 1948 quodcumque.

196 1957 364 1991 Molluum
391 1968 511 1994 manu,
534 1955 714 1989 subactum
736 1967 843 1988 manu
857 1979 867 1997 ‚

198 2008 357 2053 adspersa
371 2019 467 2052 aqua.
482 2024 524 2032 —-
534 2005 748 2049 Duretsocus
762 2017 774 2048 ,·
792 2005 868 2039 vide

199 2059 242 2094 ad
260 2072 345 2093 vers.
362 2059 426 2093 315
442 2071 492 2102 sq.

242 2111 317 2146 383.
338 2110 504 2145 Heinsius
516 2107 658 2152 suadet,
675 2114 715 2142 at
723 2107 863 2151 fratris,

199 2172 234 2200 et
253 2164 355 2210 paulo
376 2169 474 2209 post,
490 2158 634 2206 lemfiora
659 2164 767 2195 noctis
784 2165 870 2195 eunt.

199 2236 241 2243 —
255 2219 429 2259 Intrepare
440 2242 449 2254 ‚
481 2213 658 2259 impellere
668 2239 678 2255 ,
700 2212 845 2246 excitare
858 2237 868 2255 ,

197 2266 290 2312 quod
305 2267 474 2312 posterius
488 2277 576 2299 unus
592 2263 723 2298 Mor-eti
743 2262 846 2296 hahet
859 2275 868 2303 ς

197 2319 319 2364 Virgil.
336 2318 463 2363 Georg.
486 2318 536 2352 lv
550 2343 559 2360 ,
578 2329 615 2362 7¹
636 2329 676 2350 z«
695 2322 870 2349 morantes

197 2386 214 2402 ιο
231 2371 379 2406 Martius
401 2370 457 2404 ille
476 2369 552 2404 aeris
576 2368 669 2402 rauci
690 2379 797 2402 canor
814 2368 870 2400 in-

127 2446 132 2451 ·
199 2437 216 2452 ›-
233 2429 349 2467 crepat
361 2436 370 2463 ;
384 2437 400 2450 v·
410 2420 495 2456 AEn.
509 2434 520 2454 ι
536 2445 546 2464 ,
560 2420 622 2465 738
634 2445 643 2462 ,
658 2418 717 2452 ubi
727 2422 870 2462 increpi-

197 2482 276 2510 tans
291 2481 341 2509 est
355 2474 546 2509 adhortans
556 2499 565 2516 ‚
580 2480 658 2514 aut,
674 2478 713 2506 ut
727 2471 868 2506 Servius

198 2526 356 2572 explicat,
371 2526 575 2576 inclamans²
583 2543 625 2550 —
636 2525 774 2559 Perdere
786 2525 869 2557 vul-

198 2582 242 2612 tis
253 2591 264 2620 ,·
278 2578 367 2612 hanc
377 2577 562 2612 lectionem
576 2576 697 2622 primae
708 2574 869 2609 editionis

198 2637 346 2675 quatuor
354 2629 450 2664 MSS
462 2629 612 2674 praetulit
623 2629 848 2663 Burmannus
858 2641 867 2668 ;

197 2681 256 2716 sed
274 2681 420 2715 Heinsio
432 2693 504 2715 non
517 2680 714 2726 disciplebat
729 2692 769 2712 ex
786 2678 867 2712 Ur-

198 2733 282 2777 sini,
298 2733 465 2769 vossiano
473 2740 509 2769 et
522 2745 593 2768 uno
612 2732 779 2769 Patavino
790 2733 869 2766 mil-

1544 1419 1609 1466 395

931 1543 1017 1578 tere,
1041 1549 1145 1582 quam
1161 1536 1408 1582 repetitionem
1419 1549 1492 1571 non
1509 1537 1611 1572 inve-

933 1596 1071 1623 nustam
1082 1588 1224 1634 putabat
1235 1602 1244 1629 ;
1256 1588 1359 1633 vulgo
1367 1593 1506 1622 tradere.
1517 1587 1609 1622 Mihi

926 1642 1063 1683 perdere
1085 1640 1191 1674 etiam
1207 1646 1388 1684 propterea
1403 1652 1525 1673 verum
1551 1639 1610 1673 vi·-

934 1691 1054 1734 detur,
1072 1691 1151 1736 quia
1161 1690 1253 1725 idem
1264 1691 1411 1725 verbum
1420 1703 1526 1725 moxa
1538 1691 1611 1726 Ro-

933 1745 1044 1779 manis
1059 1744 1228 1789 repetitur
1239 1769 1250 1787 ,
1266 1743 1360 1788 quod
1374 1743 1449 1777 fieri
1463 1743 1610 1778 debebat

934 1809 954 1830 a
963 1796 1247 1836 deliberantibus;
1260 1795 1334 1830 sine
1344 1795 1610 1830 causaibiHein-

933 1848 1002 1883 sius
1012 1850 1150 1891 prodere
1165 1847 1230 1892 legi
1245 1847 1327 1882 vult.

978 1901 1052 1947 389.
1065 1901 1168 1934 Novis
1181 1901 1377 1943 ambagibus
1386 1901 1537 1933 actinon
1548 1899 1610 1934 be—

934 1966 980 1988 ne
997 1963 1136 1987 versum
1153 1964 1161 1986 :
1180 1964 1246 1986 von
1266 1953 1484 1986 sonderbaren
1505 1952 1610 1985 Zoci-

924 2004 1000 2050 seln
1013 2004 1230 2049 gea'ngstiget.
1252 2004 1422 2047 Ambages
1438 2011 1608 2038 vocantur

935 2058 1066 2092 monita
1084 2057 1250 2098 obscura3
1276 2055 1329 2091 IV
1341 2079 1351 2098 ‚
1371 2055 1431 2089 261
1454 2068 1463 2089 ι
1481 2058 1607 2090 amba-

932 2121 992 2154 ges
1014 2113 1115 2143 sortis
1132 2111 1303 2151 obscura-,⁶
1322 2107 1410 2143 Ibid.
1428 2108 1493 2154 379
1507 2120 1515 2141 :
1532 2122 1609 2142 am-

933 2163 1034 2205 bages
1049 2163 1117 2194 on‘s
1133 2162 1290 2203 obscuri5
1313 2159 1404 2194 XIV
1430 2160 1519 2194 Met.
1546 2165 1586 2205 57
1599 2173 1607 2195 ε

933 2215 1106 2247 obscurum
1116 2214 1283 2246 verborum
1293 2213 1433 2256 ambage
1443 2224 1607 2246 novorum.

934 2266 1078 2299 —Ceres
1088 2267 1164 2298 visa
1171 2271 1224 2298 est
1234 2276 1246 2307 ‚·
1257 2263 1486 2308 conjectando
1497 2277 1538 2299 eo
1549 2264 1606 2298 de—

934 2316 992 2351 lati
1008 2322 1106 2358 sunt,
1125 2322 1165 2350 ut
1181 2315 1367 2350 crederent
1388 2318 1532 2351 Cererem
1544 2342 1552 2355 ,
1571 2314 1607 2350 id

933 2375 1004 2411 est,
1021 2379 1147 2413 panem
1156 2393 1166 2409 ‚
1178 2367 1469 2412 intelligi—Ecce
1477 2367 1608 2412 recepit

935 2420 1101 2454 Heinsius
1110 2432 1151 2454 ex
1166 2418 1307 2462 Ursini,
1321 2419 1560 2464 NaugerianO,
1571 2426 1608 2454 et

933 2480 1013 2508 octo
1030 2472 1110 2507 aliis.
1128 2472 1209 2506 Non
1226 2470 1381 2506 deterior
1399 2471 1534 2516 vulgata
1552 2478 1604 2507 est

933 2526 1027 2559 Esse.
1039 2543 1083 2550 —
1093 2525 1194 2559 Scuta
1208 2526 1326 2567 longa,
1346 2523 1405 2558 sed
1421 2523 1464 2558 ad
1481 2524 1606 2570 ampli-

932 2575 1092 2610 tudinem
1107 2576 1261 2621 corporis
1280 2587 1403 2620 parum
1419 2575 1486 2610 lata
1497 2576 1605 2610 etiam

933 2627 1049 2662 Livius
1068 2626 1174 2662 Gallis
1190 2627 1319 2662 tribuit.

976 2680 1049 2726 395.
1063 2677 1139 2713 Cur
1153 2678 1256 2713 sacris
1269 2678 1462 2714 Vestalibus
1472 2686 1606 2714 matro-

932 2742 986 2769 nae
997 2729 1086 2776 pede
1101 2730 1198 2766 nudo
1207 2730 1243 2765 in
1252 2729 1368 2766 sorum
1381 2730 1602 2767 descendant.
