1826 3054
534 230 944 274 FASTORUM
980 232 1111 274 LIB.
1157 234 1247 276 VI.

251 322 339 371 Sed
363 322 665 390 superinjectis
686 323 788 389 quis
811 322 917 371 latet
938 323 1029 371 aede
1052 323 1199 386 togis?

1511 233 1599 288 433

1537 342 1604 387 570

189 403 366 450 Servius
390 413 456 450 est
478 421 488 449 ε
508 401 595 448 hoc
618 413 791 449 constat
811 401 949 457 enim;
976 400 1050 449 scd
1074 419 1203 449 causa
1226 399 1392 450 latendi

253 483 511 548 Discrepat;
537 492 582 529 et
605 480 793 528 dubium
816 498 885 527 me
910 497 1087 545 quoque
1107 480 1266 527 mentis
1286 480 1433 530 habet.

190 560 309 608 Dum
331 559 410 607 dea
432 558 620 606 furtivos
645 558 795 605 timide
814 557 1047 624 profitetur
1069 576 1262 616 amores,

256 635 568 702 Caelestemque
592 636 761 684 homini
782 635 1072 684 concubuisse
1089 635 1251 701 pudet3

190 715 313 762 Arsit
336 715 450 762 enim
468 733 625 776 magna
648 707 858 780 correpta'
873 713 1078 780 cupidine
1100 714 1243 776 regis,
1263 702 1266 705 ¹
1543 729 1609 775 575

256 793 465 859 Caecaque
489 793 535 840 in
562 793 648 840 hoe
665 811 757 840 uno
779 810 870 839 non
890 790 976 838 suit
999 790 1075 839 illa
1098 791 1192 839 viro
1212 810 1222 839 ε

188 872 331 919 Nocte
354 871 532 918 domum
557 889 691 936 parva
713 869 845 918 solita
868 880 936 917 est
959 869 1123 916 intrare
1143 869 1358 927 fenestra;

255 948 384 997 Unde
406 947 659 997 Fenestellae
681 948 860 996 nomina
880 959 1010 1013 porta
1034 958 1163 995 tenet.

188 1027 318 1074 Nunc
341 1027 504 1093 pudet,
530 1038 574 1074 et
594 1025 743 1074 vultus
761 1024 972 1073 velamine
995 1023 1105 1071 celat
1131 1036 1319 1082 amatos;

259 1104 438 1168 Oraque
460 1114 564 1150 sunt
585 1101 726 1149 multa
747 1102 867 1164 regia
890 1112 1003 1148 tecta
1026 1112 1142 1162 toga.

1549 1113 1614 1149 580

192 1181 264 1227 An
289 1179 427 1242 magis
449 1191 516 1226 est
538 1197 687 1226 verum
701 1215 713 1235 ‚
740 1189 846 1244 post
865 1176 986 1225 Tulli
1005 1177 1158 1224 funera
1182 1176 1359 1242 plebem

264 1255 505 1305 Confusam
525 1253 689 1320 placidi
712 1266 854 1302 morte
881 1254 1016 1302 fuisse
1039 1254 1201 1302 ducis?

192 1336 284 1381 Nec
306 1331 468 1380 modus
490 1330 608 1379 ullus
629 1341 722 1378 erat
741 1349 751 1377 :
772 1331 995 1379 crescebat
1017 1330 1205 1393 imagine
1228 1329 1374 1378 luctus
1389 1365 1401 1386 ,

193 1449 326 1482 Eorum
353 1453 640 1492 tegumentorum
661 1457 779 1479 causas
800 1444 870 1478 ad-

190 1500 257 1536 fert
275 1506 366 1541 tres,
396 1504 499 1542 atque
522 1497 568 1531 ita
595 1496 767 1531 immiscet
788 1508 871 1541 par-

190 1559 263 1586 tem
284 1563 403 1585 rerum
429 1549 472 1583 ad
497 1549 659 1584 Servium
678 1548 869 1594 pertinen-

190 1606 288 1640 tium.
302 1606 381 1638 lux
398 1605 513 1637 cadem
524 1629 533 1643 ‚
550 1608 744 1646 auctorque,
762 1604 870 1635 locus-

188 1672 265 1703 que,
277 1657 372 1692 idem
382 1656 525 1691 Servius
534 1681 543 1699 ,
553 1655 613 1700 qui
626 1655 774 1688 Matutae
783 1661 869 1688 tem-

190 1712 287 1756 plum
304 1709 400 1744 dedit
418 1711 527 1752 (vers.
544 1708 631 1751 480)
652 1707 711 1741 tibi
729 1719 869 1751 quoque

190 1761 315 1796 eodem
328 1761 404 1795 loco
417 1787 426 1803 ,
440 1761 474 1794 in
489 1758 567 1793 soro
577 1758 697 1793 boario
707 1784 717 1801 ‚
730 1758 870 1792 eodem-

191 1827 258 1860 que
278 1815 333 1849 die
345 1840 354 1857 ,
372 1814 483 1849 aedem
506 1812 687 1847 dedicavit.
705 1812 869 1846 Servium

191 1867 357 1901 Fortunae
368 1866 510 1900 diversis
520 1866 583 1900 sub
590 1863 758 1899 nominib.
770 1871 869 1899 tem-

192 1921 247 1966 pla
261 1919 393 1954 dedisse
405 1945 414 1961 ,
424 1920 495 1963 jam
506 1918 547 1952 ad
560 1917 614 1952 IV
627 1944 637 1961 ‚
654 1919 714 1961 145
724 1944 734 1961 ,
753 1931 770 1951 e
783 1918 870 1952 Plu-

192 1973 333 2016 tarcho,
353 1972 487 2018 Quaest.
507 1971 658 2005 Roman.
675 1984 708 2016 p.
731 1971 791 2005 135
814 1970 870 2005 ed.

193 2027 309 2062 Reisk.
322 2025 513 2060 docuimus.
530 2025 612 2058 Huc
621 2024 780 2069 inprimis
794 2038 870 2070 per-

193 2081 282 2114 tinet
296 2079 443 2126 Dionys.
454 2077 631 2112 Halicarn.
643 2076 710 2119 IV,
727 2090 767 2120 27
781 2102 790 2118 ,
809 2076 870 2110 ubi

192 2132 319 2175 tradit,
334 2131 497 2166 Servium
514 2129 671 2164 Tullium
680 2128 867 2171 Fortunae,

193 2197 260 2230 qua
278 2195 422 2218 omnem
436 2194 498 2227 per
510 2180 616 2214 vitam
627 2178 779 2214 secunda
789 2191 869 2212 usus

190 2237 315 2279 suerit,
334 2234 462 2280 templa
488 2232 559 2267 duo
580 2231 762 2266 aedificasse
776 2257 786 2274 ‚
811 2230 869 2264 al-

191 2297 307 2324 terum
333 2287 434 2321 scilic.
457 2285 493 2319 in
516 2284 635 2319 boario
659 2282 759 2325 soro,
783 2282 870 2316 alte-

192 2353 274 2375 rum
297 2339 340 2374 ad
364 2339 475 2384 ripam
494 2336 651 2378 Tiberis,
680 2333 869 2368 eamdem-—

194 2405 260 2437 que
275 2391 377 2426 deam
400 2389 548 2423 Virilem
571 2400 653 2422 eum
674 2386 867 2432 appellasse.

195 2446 313 2487 Idem,
327 2458 378 2490 cp.
388 2445 431 2487 4ο
441 2470 450 2486 ,
467 2441 583 2485 addit,
596 2441 632 2474 in
646 2440 754 2474 altero
765 2439 868 2473 fuisse

195 2504 343 2532 statuam
355 2495 590 2540 ejusligneam
603 2499 637 2527 et
653 2492 867 2532 inaummm

195 2556 305 2584 statua
322 2547 377 2582 illa
403 2547 535 2581 duabus
557 2545 645 2591 togis
665 2544 868 2589 superinje-

196 2602 259 2636 ctis
274 2607 361 2635 tecta
371 2606 454 2634 erat.
470 2600 587 2632 Varro
601 2597 643 2631 de
654 2596 737 2630 Vita
750 2594 868 2640 populi

195 2652 331 2687 romani
348 2650 439 2696 apud
452 2650 609 2685 Nonium
622 2648 731 2682 Marc.
745 2660 870 2681 narra—

195 2711 311 2747 verat,
326 2703 391 2738 hoc
402 2703 540 2748 signum
554 2702 590 2736 in
608 2703 756 2744 Virginis
771 2699 870 2743 (sor-

194 2765 227 2791 te
246 2756 383 2797 Viam)
400 2756 551 2789 Forlunoe
565 2756 633 2788 aede
648 2757 778 2789 duabus
797 2766 868 2788 un-

319 2818 409 2864 VI.

935 1447 1065 1480 dulatis
1085 1448 1172 1490 logis
1186 1457 1260 1479 esse
1280 1450 1437 1489 opertum.
1460 1443 1596 1479 Plinius
1608 1470 1619 1487 ‚

937 1497 1029 1532 Hist.
1043 1497 1168 1532 Natur.
1184 1496 1277 1531 VIII
1288 1522 1297 1539 ‚
1316 1497 1357 1541 74
1374 1508 1382 1529 :
1401 1510 1418 1525 «
1434 1495 1559 1530 factam
1575 1497 1618 1530 ab

937 1563 955 1579 »
970 1562 1011 1584 ea
1029 1550 1042 1592 (
1061 1547 1271 1593 Tanaquile)
1283 1555 1399 1593 togam
1410 1548 1542 1594 regiam
1552 1561 1620 1582 un-

937 1617 955 1632 »
973 1602 1126 1636 dulatam
1156 1602 1193 1635 in
1222 1601 1296 1636 aede
1318 1602 1486 1636 Fortunae
1507 1626 1517 1644 ,
1548 1614 1619 1646 qua

936 1667 955 1683 »
975 1653 1118 1688 Servius
1138 1653 1276 1687 Tullius
1300 1652 1414 1687 suerat
1430 1665 1521 1688 usus.
1539 1667 1557 1682 »
1574 1671 1619 1678 -

936 1705 1008 1740 Pro
1022 1707 1092 1739 aede
1108 1705 1271 1750 Neapolis
1288 1718 1362 1739 non
1377 1705 1551 1750 improbat
1566 1709 1619 1738 is-

934 1766 991 1799 !e‚·
1023 1764 1058 1792 et
1083 1757 1251 1791 Heinsius
1279 1769 1320 1791 ex
1344 1763 1495 1802 quatuor
1524 1757 1620 1791 libris

935 1809 1048 1844 adfert
1067 1822 1075 1844 :
1092 1811 1176 1853 quid
1187 1812 1260 1843 iste.

992 1865 1064 1907 572.
1084 1863 1283 1904 Dis-crepat,
1315 1873 1389 1894 non
1413 1873 1485 1894 uno
1509 1860 1616 1894 modo

935 1914 1283 1949 adfertur.-—Dubius
1291 1916 1420 1954 mentllr,
1428 1920 1468 1948 ut
1480 1913 1598 1948 Livius
1606 1939 1616 1957 ,

936 1967 973 2010 I,
988 1981 1005 2013 7
1020 1993 1029 2010 ,
1042 1969 1187 2000 incertus
1201 1965 1399 2010 ambul—Q
1405 1965 1461 1999 uia
1474 1965 1617 2000 Servius

934 2019 1093 2053 Fortuna
1104 2030 1243 2063 semper
1254 2029 1335 2051 usus
1352 2024 1427 2052 erat
1442 2016 1593 2051 secunda
1603 2043 1613 2062 ,

935 2069 1018 2103 inde
1030 2068 1128 2103 fluxit
1138 2067 1262 2103 sabella
1282 2068 1354 2104 haec
1364 2095 1373 2111 ,
1387 2082 1492 2114 quam
1505 2069 1613 2103 etiam

936 2120 1144 2155 Plutarchus
1166 2120 1210 2154 de
1232 2121 1262 2155 F
1262 2127 1328 2155 ort.
1356 2121 1507 2155 Roman.
1526 2129 1612 2156 tom.

934 2173 1007 2208 Vll
1020 2198 1029 2215 ,
1043 2185 1076 2217 p.
1092 2186 1157 2219 279
1173 2172 1288 2208 Reisk
1302 2172 1410 2207 refert
1430 2186 1438 2207 :
1454 2165 1548 2209 dm
1563 2179 1618 2210 καὶ

934 2234 1067 2262 συνεῖναι
1091 2230 1185 2260 &aab
1199 2229 1280 2272 αὐτῷ
1293 2231 1348 2267 τὴν
1367 2229 1466 2270 τύχην
1484 2228 1538 2261 διά
1555 2243 1612 2262 τι-

933 2295 980 2318 νος
998 2282 1124 2328 θυρίδος
1136 2283 1372 2313 καταέκίνσπαν
1390 2282 1431 2316 εἰς
1452 2281 1487 2313 τὶ
1504 2280 1613 2322 δωμά-

932 2346 996 2367 των
1007 2357 1016 2374 ,
1037 2332 1051 2365 ὅ
1069 2338 1120 2365 νῦν
1137 2333 1329 2366 Φενεστέλλας-ι
1343 2333 1438 2371 πύλην
1460 2335 1612 2366 καλοῦσι-ι.

935 2381 1042 2417 Conf.
1055 2382 1169 2426 idem,
1183 2382 1318 2426 Quaest.
1332 2382 1436 2416 Rom.
1446 2395 1522 2427 pag.
1539 2383 1612 2418 106.

978 2436 1053 2469 581.
1069 2434 1189 2468 Altera
1204 2446 1305 2468 causa
1322 2447 1330 2468 :
1347 2434 1454 2468 etiam
1469 2434 1611 2481 Diony-

930 2489 1019 2532 sius,
1036 2490 1089 2524 lv
1102 2515 1111 2533 ‚
1124 2490 1186 2533 4ο,
1201 2495 1342 2532 narrat,
1355 2488 1536 2533 ingentem
1551 2495 1612 2523 tu-

932 2543 1085 2577 multum
1097 2550 1132 2577 et
1144 2542 1315 2576 ululatum
1325 2541 1370 2576 ob
1384 2541 1496 2576 Servii
1510 2554 1610 2576 mor-

933 2603 1007 2630 tem
1031 2602 1149 2629 ortum
1171 2607 1243 2629 esse
1259 2596 1324 2640 per
1345 2600 1456 2628 totam
1472 2594 1608 2629 urbem.

931 2649 1139 2683 —Plact‘dus
1149 2649 1240 2690 ἄκη·
1251 2646 1442 2694 Dionysius
1451 2673 1462 2690 ,
1478 2649 1608 2688 ἐπιεικὴς

932 2707 985 2737 καὶ
1005 2703 1124 2749 μέτριος
1144 2701 1230 2748 ὦνέρ.
1257 2699 1304 2734 Et
1321 2702 1433 2743 plebtit
1447 2700 1607 2746 inprimis

932 2752 1150 2787 voluntatem
1175 2750 1237 2786 sibi
1257 2751 1516 2796 conciliaverat;
1545 2754 1607 2789 Li-

1370 2816 1425 2858 28
