1826 3054
219 236 303 278 502
741 237 1118 284 EXCURSUS

217 328 440 394 repentina
477 330 580 394 fuga
613 348 792 393 gregum
827 333 989 382 Faunis
1021 333 1259 391 tribuitur,
1289 333 1375 399 jam
1408 334 1518 383 Pani
1557 353 1639 384 suo

216 406 462 457 tribuerant
487 408 696 459 Arcades.

278 488 506 538 Pertinent
526 509 664 557 porro
680 490 734 538 ad
750 490 835 540 hoc
848 509 986 554 genus
1001 489 1163 543 Canens
1177 530 1187 547 ,
1217 491 1391 558 Egeria,
1419 491 1614 542 Camena·
1624 534 1634 550 ‚

219 564 458 622 Carmenta,
484 567 676 616 Porrima
693 579 733 616 et
752 568 965 617 Poslverta
986 569 1154 632 (ovid.
1178 570 1200 617 I
1218 607 1231 628 ‚
1252 568 1381 635 635)
1405 570 1460 619 de
1474 571 1638 637 quibus

214 642 268 690 ad
292 643 502 692 Ovidium
524 645 688 710 passim
713 645 931 707 agendum
959 657 1039 694 est.
1067 645 1213 694 Etiam
1238 645 1391 695 Mane
1413 646 1639 696 oraculum

213 718 330 784 apud
352 719 622 782 Aborigines
642 720 779 770 habet
800 720 984 788 Dionys.
1000 722 1045 778 I,
1072 722 1156 783 ι4;
1178 721 1257 770 ubi
1279 722 1407 788 picus
1429 722 1640 771 columna.-

213 794 367 859 ligneae
395 797 593 848 insidens
618 799 803 848 deorum
824 798 1095 848 voluntatem
1119 799 1315 867 exponit.
1334 800 1455 849 Juno
1468 800 1641 849 oracula

214 872 347 923 edens
370 875 473 942 plus
498 875 630 926 semel
655 878 847 926 occurrit
869 897 909 925 v.
935 897 971 926 c.
997 878 1041 927 in
1064 878 1164 927 luco
1188 877 1432 945 Exquilino
1454 878 1539 927 sub
1562 898 1641 926 no-

213 953 331 1002 mine
353 954 532 1003 Lucinae
555 958 576 1018 (
598 956 715 1004 Fast.
741 957 809 1012 11,
835 956 929 1018 440
946 956 983 1022 ).
1012 956 1086 1005 Ab
1112 956 1265 1005 eadem
1287 955 1436 1004 sutura
1459 974 1642 1022 praemo·

212 1031 346 1079 nendi
363 1031 590 1092 facultate,
606 1046 651 1083 et
668 1034 852 1083 monitis
863 1034 958 1100 ejus
979 1034 1027 1082 in
1047 1034 1301 1102 reipublicae
1321 1032 1642 1083 calamitatibus

210 1107 351 1156 audiri
366 1110 563 1170 creditis,
586 1125 740 1179 postea
755 1114 950 1162 Monetae
971 1132 1132 1162 nomen
1157 1111 1337 1179 accepit.
1365 1110 1574 1178 Inprimis
1596 1111 1642 1158 in

212 1185 395 1236 historia
420 1188 681 1239 Sabinarum
711 1202 938 1257 raptarum
970 1191 1135 1240 mentio
1165 1191 1216 1240 fit
1252 1190 1400 1247 Consi,
1434 1190 1643 1239 daemonis

213 1277 414 1313 caeterum
446 1266 614 1330 ignoti,
648 1267 724 1335 qui
757 1268 953 1318 Romulo
986 1269 1217 1319 consilium
1249 1268 1304 1318 de
1335 1269 1475 1336 raptis
1510 1268 1643 1332 virgi-

208 1341 342 1392 nibus
364 1345 684 1411 suppeditavit,
705 1348 724 1412 (
739 1353 929 1407 Κῶνσος,
952 1351 1137 1410 βουλαῖος
1158 1347 1384 1398 Plutarch.
1402 1348 1423 1412 )
1447 1346 1493 1394 in
1515 1347 1641 1410 cujus

211 1418 426 1470 honorem
456 1423 694 1473 Consualia
728 1425 943 1476 celebrata
979 1438 1084 1475 sunt
1107 1464 1119 1484 ‚
1158 1426 1326 1493 quique
1355 1424 1474 1474 haud
1508 1424 1644 1473 dubie

211 1498 385 1549 consilii
412 1520 572 1568 praeses
594 1502 704 1562 fuit,
729 1515 779 1552 ut
799 1523 960 1553 nomen
989 1504 1134 1571 ipsum
1162 1502 1337 1570 prodit;
1370 1500 1485 1550 cons.
1521 1499 1638 1548 Plnt.

212 1577 344 1626 Rom.
366 1580 500 1639 XIII,
515 1579 570 1637 3;
595 1581 789 1648 Dionys.¹
800 1582 866 1639 ΙΙ,
887 1580 963 1629 32.
985 1581 1033 1629 Si
1052 1580 1268 1647 denique,
1290 1578 1412 1646 quod
1430 1577 1500 1626 vix
1518 1576 1643 1626 aliter

212 1673 259 1702 se
288 1654 448 1705 habere
483 1670 635 1724 potest
657 1697 670 1716 ‚
707 1659 899 1708 Minerva
931 1659 986 1707 ad
1019 1669 1178 1707 terram
1214 1657 1394 1706 latinam
1427 1656 1643 1724 pertinet,

211 1751 315 1781 mox
336 1752 438 1783 cum
454 1733 629 1784 Pallade
651 1755 790 1799 graeca
808 1748 1074 1786 commutata
1088 1774 1100 1795 ‚
1125 1736 1218 1785 haec
1236 1735 1367 1784 etiam
1383 1734 1439 1783 ad
1458 1753 1526 1790 ea,
1547 1752 1644 1800 qua

211 1810 396 1860 consilio
420 1823 465 1861 et
485 1812 699 1881 sapientia
725 1834 804 1864 sna
833 1814 1036 1864 homines
1057 1831 1234 1864 monere
1256 1825 1301 1862 et
1322 1813 1529 1878 adjuvare
1551 1831 1644 1860 cre-

212 1887 431 1939 debantur
451 1890 631 1941 numina
650 1929 664 1949 ‚
691 1892 911 1957 pertinere
931 1892 1077 1942 debet.
1106 1894 1363 1941 Menervare
1387 1891 1504 1939 enim
1526 1889 1644 1938 anti-

210 1967 286 2035 qui
308 1968 515 2019 dicebant
536 1988 622 2036 pro
642 1988 821 2018 monere
843 1970 987 2035 (Fest.
1011 1970 1319 2035 promenerval)
1335 2005 1349 2025 ‚
1375 1980 1419 2017 et
1441 1967 1645 2016 Minerva

211 2046 348 2110 igitur
368 2046 563 2098 eamdem
596 2047 855 2106 notionem,
894 2066 1026 2114 quam
1062 2067 1101 2095 v.
1134 2066 1169 2095 c.
1208 2047 1419 2104 Moneta,
1446 2045 1639 2094 offerret.

211 2126 347 2175 Recte
381 2125 519 2189 igitur
547 2126 595 2174 in
626 2126 741 2175 hanc
770 2127 1030 2175 sententiam
1055 2127 1246 2175 Festus:
1269 2125 1495 2181 Μἰιεννα,
1534 2122 1646 2190 quod

209 2201 308 2251 bene
327 2212 488 2252 moneat
504 2223 521 2259 ,·
542 2202 649 2252 hanc
670 2203 776 2252 enim
791 2204 1045 2270 pagnm’pro
1065 2202 1263 2268 sape'ente‘a
1277 2201 1499 2268 ponebant.
1526 2201 1640 2248 Uni-

211 2300 309 2330 cum
327 2280 411 2330 hoc
430 2281 542 2330 forte
562 2281 795 2345 vestigium
809 2282 863 2331 de
881 2300 934 2330 eo
946 2319 958 2338 ‚
980 2281 1099 2348 quod
1117 2280 1316 2331 Minerva
1332 2279 1451 2347 apud
1471 2279 1640 2346 priscos

209 2355 343 2406 Italos
366 2357 452 2405 sibi
477 2357 693 2414 voluerit;
724 2357 809 2408 nisi
841 2358 941 2425 quis
963 2357 1049 2406 boc
1074 2376 1234 2407 nomen
1257 2355 1442 2406 latinum
1465 2355 1639 2404 demum

211 2433 266 2482 ad
286 2434 612 2501 exprimendam
633 2434 811 2486 Pallada
828 2453 1068 2499 graecorum
1092 2435 1327 2483 formatum
1349 2451 1443 2482 esse
1467 2431 1604 2481 malit.

273 2509 509 2568 Romanis,
534 2510 600 2561 vel
624 2511 775 2579 potius
795 2512 1030 2562 Hetruscis
1053 2511 1182 2561 etiam
1209 2509 1445 2560 domestica
1466 2522 1533 2558 est
1558 2511 1640 2558 La-

208 2587 336 2645 rium,
354 2587 420 2637 vel
437 2587 734 2656 publicorum,
753 2588 817 2639 vel
834 2589 1104 2657 privatorum
1122 2588 1290 2654 religio.
1308 2588 1402 2638 Lar
1412 2588 1533 2655 apud
1552 2589 1637 2636 He—

210 2675 383 2714 truscos
398 2664 425 2712 i.
443 2685 485 2732 q.
507 2664 716 2721 dominus.
737 2665 940 2732 peinceps,
970 2678 1063 2715 tum
1085 2666 1190 2715 viris
1207 2664 1435 2715 nobilibus
1458 2664 1639 2713 honoris

203 2758 329 2790 causa
354 2741 627 2808 praeponitur
655 2742 676 2806 (
697 2743 782 2791 Lar
808 2741 1092 2802 Herminius,
1119 2743 1204 2792 Lar
1226 2740 1492 2791 Tolumnius
1508 2778 1519 2797 .
1552 2742 1636 2789 Lar
