1826 3054
519 210 933 272 PASTORUM
969 229 1104 271 LIB.
1145 233 1205 275 v.

1483 229 1568 290 375

153 324 330 390 Excipit
354 322 551 390 hospitio
571 323 772 388 juvenem
793 321 1037 371 Pallantius
1053 322 1215 371 heros:

220 404 277 450 Et
303 401 477 449 tandem
493 401 617 450 >Caco
640 401 790 450 debita
811 419 943 468 poena
963 400 1095 449 venit.

151 481 309 527 Victor
330 480 445 536 abit,
471 497 705 546 secumque
728 479 888 536 boves,
914 477 1155 545 Erytheida
1177 476 1392 544 praedam‚

215 557 450 606 Abstrahit
469 578 479 605 :
499 569 545 605 at
566 558 748 606 comites
771 556 952 619 longius
970 558 1032 606 ire
1054 567 1229 619 negant.

1505 570 1573 603 650

151 635 403 701 Magnaque
425 654 527 701 pars
546 635 709 683 horum
734 634 917 683 desertis
938 646 1115 683 venerat
1137 633 1295 696 Argis:

216 712 454 760 Montibus
475 712 546 760 his
567 723 747 779 ponunt
769 731 978 778 spemque
999 714 1243 778 Laremque
1265 730 1406 760 suum.

151 789 275 856 Saepe
296 802 439 839 tamen
463 791 615 857 patriae
639 789 759 838 dulci
782 802 1025 853 tanguntur
1044 809 1220 847 amore;

213 871 362 936 Atque
383 869 543 936 aliquis
566 869 759 918 moriens
780 869 867 918 hoc
888 869 1019 918 breve
1045 868 1224 917 mandat
1244 887 1386 936 opus:

148 946 317 995 Mittite
341 965 409 995 me
432 947 611 1004 Tiberi;
635 947 860 996 Tiberinis
882 958 1033 996 vectus
1052 959 1105 995 ut
1127 946 1259 996 undis

1501 958 1568 993 655

213 1023 343 1071 Litus
366 1023 422 1071 ad
443 1022 671 1071 Inachium
694 1021 841 1089 pulvis
862 1023 1006 1071 inanis
1027 1041 1135 1071 eam.

148 1130 253 1164 tantis
264 1137 315 1165 est
326 1156 337 1173 ,
348 1129 408 1165 sed
422 1130 528 1164 etiam
541 1129 824 1175 quandoquidem

147 1183 493 1216 notat.—Pallantius
508 1184 603 1216 beros
618 1194 720 1226 supra
736 1194 823 1216 vers.

146 1246 187 1279 97
197 1259 206 1275 ,
226 1234 413 1268 Nonacrius
427 1235 523 1267 hems
537 1240 689 1268 vocatur.
708 1251 751 1260 —
766 1233 822 1268 De

150 1286 240 1319 Caco
262 1286 405 1331 ejusque
423 1299 527 1329 paena
546 1286 585 1329 Ι,
608 1288 668 1321 551
690 1299 763 1331 sqq.
778 1305 823 1312 -—

153 1339 271 1372 Venire
286 1345 321 1372 et
337 1337 426 1372 mals
442 1338 607 1373 dicuntur
622 1350 699 1382 quae
721 1338 821 1373 nobis

146 1388 370 1432 accidunt‚·et
382 1390 473 1423 bona
482 1415 491 1432 ,
505 1401 582 1434 que
590 1389 818 1434 continguut;

147 1439 335 1484 Phaedrus,
357 1442 394 1484 l,
410 1441 477 1475 sab.
496 1452 544 1484 11,
562 1441 602 1475 31
621 1453 630 1475 :
646 1441 759 1485 majus
779 1454 821 1475 ne

144 1496 259 1526 uniat
274 1495 408 1526 malunt.
434 1492 480 1527 Et
496 1492 588 1537 apud
609 1491 818 1535 Ciceronem

144 1544 275 1578 Verres
287 1544 527 1579 haereditatem
539 1547 611 1578 sibe·
618 1549 749 1579 venisse
759 1558 819 1590 pu-

144 1595 248 1630 tabat.
264 1615 307 1622 —
322 1598 521 1642 Erytheida
536 1597 641 1631 boves
656 1597 760 1631 etiam
778 1598 793 1631 1
806 1622 817 1639 ‚

145 1648 219 1690 543.
246 1648 325 1683 Hoc
352 1648 428 1683 loco
452 1648 640 1682 Turnebus
652 1675 662 1691 ,
698 1649 788 1683 xlx
808 1675 820 1691 ,

144 1698 234 1732 Adv.
250 1713 302 1744 17,
313 1700 378 1746 legi
394 1700 466 1734 vult
481 1713 488 1734 :
503 1702 601 1734 boves
620 1702 819 1746 Erilhyidas

143 1753 435 1795 ultorAbstrahit,·
452 1759 555 1798 atque
570 1753 618 1787 ita
630 1753 818 1787 Vaticanus

146 1809 181 1836 et
198 1801 269 1836 duo
288 1803 354 1837 alii.

188 1853 262 1888 651.
280 1853 378 1889 Olim
392 1855 561 1890 edebatur
573 1857 712 1889 desem}
722 1868 820 1890 man·

144 1908 191 1940 sit
201 1910 237 1939 in
246 1911 353 1951 agna-‚-
366 1908 468 1942 male.
476 1911 578 1952 Argis
587 1909 717 1943 venisse
729 1909 819 1943 Her-

145 1959 229 1994 culis
238 1960 346 1995 socios
354 1986 363 2002 ,
372 1967 407 1994 et
416 1960 583 2005 quosdam
590 1973 714 1995 eorum
722 1974 818 1996 man-

145 2011 225 2045 sisse
252 2012 286 2045 in
311 2012 407 2046 Italia
421 2038 431 2054 ,
457 2019 493 2046 et
512 2012 651 2047 aliunde
673 2021 817 2048 constat.

146 2064 242 2098 Hinc
257 2064 346 2110 apud
366 2065 487 2109 Virgil.
502 2064 643 2099 AEneid.
660 2066 692 2100 X
704 2092 715 2108 ,
733 2080 796 2113 779
807 2093 817 2108 ,

146 2116 299 2150 Antores
312 2142 321 2158 ,
346 2116 508 2151 Herculis
524 2129 641 2151 comes
667 2129 675 2150 :
700 2132 717 2146 σι
743 2117 818 2162 Qui

146 2183 164 2198 ιι
180 2169 301 2203 missus
311 2169 353 2203 ab
366 2169 466 2215 Argis
475 2169 619 2204 lraeserat
630 2170 795 2204 Evandro
808 2197 819 2214 ,

146 2236 164 2250 κ
180 2229 283 2267 atque
294 2222 378 2257 Itala
391 2222 596 2258 consederat
606 2224 703 2257 urbe.
715 2239 733 2253 ¹·
747 2225 819 2259 lta-

146 2287 213 2318 que
239 2274 405 2309 Heinsius
423 2287 497 2309 non
521 2275 611 2309 male
632 2277 736 2320 Argis
754 2275 819 2310 de—

147 2326 197 2362 dit
206 2354 215 2370 ,
229 2340 338 2372 quum
348 2327 469 2362 Ursini
480 2327 579 2371 liber,
589 2327 722 2373 primus
737 2329 819 2363 Am-

147 2379 295 2413 brosian.
307 2379 477 2414 Mazarin.
492 2380 683 2415 Zulichem.
699 2387 735 2414 et
750 2387 819 2415 tres

149 2429 204 2463 alii
214 2438 349 2466 venerat
358 2435 450 2475 agris
462 2431 675 2466 exhiberent.
689 2432 744 2466 Ab
755 2433 819 2465 Ar-

145 2488 201 2527 8¹2⁸*
215 2483 394 2518 simulacra
411 2483 467 2518 illa
484 2483 747 2527 Argeidicta.-—
754 2485 818 2518 De-

150 2540 262 2575 senis,
281 2537 406 2572 seilicet
422 2551 441 2572 a
455 2551 491 2572 se
504 2564 513 2580 ,
535 2551 553 2572 e
573 2538 670 2583 copia
687 2538 819 2582 poetica

150 2587 318 2623 additum.
334 2587 511 2623 Ceterum
526 2588 719 2623 secundum
735 2589 817 2623 Ma-

147 2640 305 2674 crobium
328 2652 402 2674 non
423 2648 546 2686 sponte
567 2641 615 2675 illi
639 2654 820 2675 remanse-

148 2698 254 2734 runt,
280 2691 339 2726 sed
356 2693 398 2726 ab
416 2693 568 2727 Hercule
583 2693 692 2728 relicti
714 2701 816 2736 sunt,

149 2744 203 2779 vel
221 2745 329 2788 irato,
346 2745 438 2790 quod
456 2753 653 2781 armentum
666 2759 738 2780 non
755 2760 816 2781 sa-

889 1131 932 1165 tis
952 1130 1217 1165 custodivissent
1229 1155 1239 1172 ,
1258 1127 1313 1163 vel
1335 1140 1379 1162 eo
1396 1127 1542 1163 consilio
1554 1153 1564 1170 ‚

890 1189 928 1216 ut
943 1194 1039 1216 aram
1055 1195 1152 1216 suam
1169 1181 1210 1215 ab
1227 1179 1482 1215 incursionibus
1492 1186 1568 1213 tue-

887 1240 1022 1268 rentur.
1039 1251 1083 1258 —
1096 1234 1270 1267 Montibus
1285 1238 1349 1266 etc.
1367 1245 1385 1260 κ
1405 1230 1531 1275 Quum
1547 1243 1567 1263 a

888 1299 907 1314 »
924 1284 1117 1318 latronibus
1132 1284 1403 1324 infestarentur,
1423 1293 1566 1325 occupa-

888 1350 906 1367 »
924 1343 960 1370 to
970 1336 1066 1370 edito
1079 1336 1184 1378 colle,
1203 1334 1387 1370 Saturnios
1402 1346 1437 1368 se
1453 1332 1564 1367 nomi-

887 1403 905 1420 »
922 1396 1074 1432 narunt,
1099 1401 1169 1434 quo
1193 1395 1274 1423 ante
1295 1387 1441 1422 nomine
1457 1386 1564 1420 etiam

886 1456 905 1472 ι
924 1442 1020 1476 idem
1038 1441 1133 1476 collis
1150 1441 1362 1480 vocabam-3
1382 1454 1399 1469 ι·
1414 1439 1565 1473 Macro-

884 1494 982 1536 bius,
1001 1494 1040 1537 1,
1060 1508 1089 1539 7.
1106 1492 1207 1527 Idem
1222 1518 1232 1535 ,
1250 1505 1323 1537 cap.
1343 1505 1378 1525 11
1395 1518 1404 1534 ,
1422 1504 1462 1525 ex
1479 1491 1567 1536 Epi-

884 1547 972 1582 cado
987 1547 1096 1582 refert
1113 1573 1123 1590 ,
1143 1545 1336 1580 Herculem
1353 1551 1459 1590 ponte
1472 1570 1482 1586 ,
1504 1543 1564 1588 qui

885 1607 962 1644 post
976 1598 1138 1635 sublicius
1154 1597 1285 1640 dictus,
1301 1596 1344 1631 ad
1359 1603 1497 1641 tempus
1511 1596 1565 1629 in·

883 1656 1017 1684 structo
1034 1676 1044 1692 ,
1076 1649 1263 1684 hominum
1289 1647 1473 1683 simulacra
1499 1659 1564 1692 pro

884 1714 1035 1736 numero
1049 1701 1222 1736 sociorum
1236 1726 1245 1743 ‚
1264 1711 1351 1745 quos
1363 1711 1443 1734 casu
1459 1710 1564 1743 pere·

884 1753 1089 1799 grinationis
1119 1753 1285 1787 amisisset
1303 1777 1313 1794 ‚
1343 1751 1381 1786 in
1413 1750 1563 1784 fluvium

884 1804 1048 1849 dejecisse
1059 1831 1070 1847 ,
1087 1812 1125 1840 ut
1142 1816 1231 1850 aqua
1246 1803 1398 1839 secunda
1410 1802 1447 1836 in
1464 1814 1561 1836 mare

883 1855 1026 1891 devecta
1033 1869 1097 1902 pro
1102 1855 1306 1902 corporibus
1314 1853 1440 1889 defunc
1444 1860 1562 1887 torum

882 1908 991 1942 veluti
1006 1909 1111 1954 patris
1124 1908 1264 1943 sedibus
1282 1906 1526 1942 redderentur.

925 1961 1002 1996 653.
1032 1962 1103 1996 Pro
1128 1968 1310 2005 tanguntur
1333 1957 1562 1993 Sarravianus

881 2019 1087 2059 torquentur,
1107 2012 1201 2059 quod
1218 2025 1302 2047 vero
1320 2018 1364 2060 τῷ
1379 2012 1476 2045 dulci
1485 2022 1560 2044 non

883 2067 1046 2102 convenit
1063 2079 1072 2100 :
1091 2065 1150 2100 sed
1170 2069 1270 2109 tangi
1287 2077 1399 2099 amore
1420 2062 1559 2107 elegans

881 2118 1022 2154 locutio.
1033 2137 1077 2144 -
1090 2118 1176 2152 Mox
1194 2117 1278 2151 olim
1292 2116 1462 2151 edebatur
1475 2115 1563 2148 Hil-

881 2174 944 2204 tite
954 2183 1007 2204 me
1020 2173 1055 2204 in
1081 2170 1233 2203 Tiberim.
1256 2167 1416 2214 Quidam
1431 2170 1467 2201 In
1483 2178 1559 2200 non

883 2230 1085 2269 agnoscunt.
1112 2223 1263 2257 Stmszae
1283 2235 1292 2256 ;
1318 2234 1370 2256 me
1402 2222 1530 2255 Tiberis
1544 2231 1557 2261 ‚·

883 2275 966 2310 inde
983 2275 1151 2310 Heinsius
1164 2274 1246 2309 fecit
1263 2287 1272 2308 z
1289 2275 1416 2308 Mittite
1427 2286 1480 2306 me
1499 2273 1559 2306 Ti-

882 2330 966 2367 beri,
982 2327 1063 2373 quia
1074 2339 1157 2361 mox
1171 2328 1270 2360 Tibri
1268 2326 1428 2369 jactatur
1433 2327 1558 2368 imago,

882 2387 918 2415 et
929 2379 1051 2424 Virgil.
1068 2377 1210 2412 AEneid.
1227 2378 1281 2412 xl
1295 2402 1306 2418 ,
1321 2375 1428 2421 spolia
1444 2375 1558 2418 conji-

880 2434 1060 2474 ciunligni,
1079 2430 1256 2475 inignem.
1269 2429 1358 2463 Eam
1369 2427 1556 2462 lectionem

882 2484 1112 2525 Taubnerus,
1138 2489 1179 2516 ut
1203 2481 1398 2527 elegantem
1419 2487 1455 2515 et
1476 2493 1557 2515 sua-

881 2549 962 2571 vem
980 2536 1196 2582 graecismum
1211 2533 1446 2570 commendat.
1465 2533 1559 2568 Ber-

881 2588 1019 2630 nensis,
1034 2601 1086 2622 me
1105 2589 1449 2627 Ituna—Putant,
1470 2585 1557 2620 cinis

881 2640 1035 2686 corporis
1047 2639 1238 2679 combusti;
1259 2638 1351 2673 v111
1367 2638 1454 2673 Met.
1472 2637 1558 2684 496:

881 2695 1036 2737 Exiguus
1046 2693 1239 2737 jacebimus
1258 2694 1371 2735 pulvis
1386 2703 1399 2733 ‚·
1427 2691 1555 2725 Anacr.

883 2745 950 2787 IV,
964 2757 988 2791 9
1003 2757 1011 2779 :
1033 2746 1117 2788 ‹ni-n
1133 2747 1313 2789 aucium-9«
1327 2747 1417 2782 κᾶνις·
1440 2742 1559 2777 Hora-
