1826 3054
667 739 969 808 PRAEM
986 741 1045 809 O
1061 740 1344 810 ΝΙἸῚΟ

420 902 513 951 An
554 901 1140 951 ERumTlssmuM
1183 903 1588 969 LECTOREM.

356 1054 408 1093 ln
431 1067 497 1093 sua
525 1052 743 1106 proesatione
765 1059 805 1092 et
827 1051 1039 1106 prooemio‚
1058 1052 1169 1103 (vide
1187 1067 1302 1108 supra
1322 1068 1405 1108 pag.
1428 1068 1445 1094 ι
1466 1063 1503 1094 et
1524 1055 1579 1106 4)
1598 1056 1647 1095 D.
1667 1057 1715 1096 V.

305 1125 466 1166 Gltnm
495 1138 608 1178 pauca
638 1122 732 1163 dixit
767 1122 814 1163 de
846 1123 1022 1178 symbolis
1053 1123 1385 1174 observationum,
1415 1140 1508 1180 quas
1530 1126 1567 1165 in
1589 1126 1718 1167 Ovidii

300 1196 431 1236 Festos
454 1195 668 1236 exhibuerat
687 1195 861 1234 anmt.
883 1196 1024 1236 Hssun.
1060 1196 1187 1237 Guu..
1213 1197 1432 1237 stzmus
1447 1226 1459 1246 ‚
1482 1198 1569 1253 quia
1601 1198 1715 1253 hujus

299 1265 484 1306 rationem
502 1265 548 1305 ab
576 1265 692 1319 ipsius
715 1279 829 1319 opera
848 1266 1025 1306 nonnihil
1046 1266 1257 1321 discrepare
1283 1267 1437 1309 viderat.
1455 1269 1541 1324 Ego
1562 1277 1685 1309 autem
1702 1298 1716 1318 ‚

297 1345 497 1392 postquam
521 1336 598 1377 illas
621 1336 792 1392 diligenti
810 1337 1007 1378 sedulitate
1024 1338 1204 1392 perpendi
1221 1368 1233 1387 ‚
1262 1339 1380 1379 multa
1399 1340 1606 1396 recognovi
1626 1355 1715 1394 quae

297 1408 338 1449 in
359 1407 450 1448 locis
471 1406 741 1448 difficilioribus
757 1407 985 1448 illustrandis
998 1407 1126 1450 forent
1138 1410 1310 1463 perutilia
1323 1426 1335 1459 ;
1349 1426 1469 1466 eaque
1482 1411 1575 1460 tibi,
1594 1411 1716 1452 lector

297 1477 467 1531 optime,
492 1476 720 1532 subjicienda
748 1477 935 1533 judicavi,
959 1487 1005 1519 ut
1024 1479 1071 1519 ab
1092 1480 1198 1520 omni
1219 1489 1323 1535 parte
1351 1483 1467 1536 magis
1495 1482 1713 1523 absolutum

298 1562 397 1603 opus
419 1547 617 1590 invenires.
633 1550 765 1602 ltaque
784 1549 992 1593 nonnullos
1011 1551 1205 1593 Excursus
1218 1580 1230 1601 ‚
1253 1552 1300 1593 de
1318 1553 1436 1594 Fastis
1453 1554 1713 1596 Romanorum

296 1627 373 1659 tam
403 1618 660 1659 kalendar-ibus
692 1633 804 1673 quam
827 1619 1018 1661 historicis
1036 1649 1049 1670 ‚
1071 1621 1120 1662 de
1142 1622 1251 1663 novis
1282 1622 1506 1676 quibusdam
1531 1623 1714 1677 praesidiis

298 1689 429 1731 Ovidii
449 1689 795 1745 interpretationem
808 1691 1068 1746 adjuvantibus
1085 1721 1097 1742 ‚
1120 1693 1167 1734 de
1185 1696 1427 1737 atronomiae
1446 1694 1631 1749 probabili
1648 1709 1716 1735 co-

297 1760 470 1816 gnitione
483 1789 496 1811 ,
517 1761 566 1801 de
583 1761 807 1815 quibusdam
819 1762 956 1805 veteris
972 1763 1090 1805 ltaliae
1108 1764 1327 1805 numinibus
1339 1794 1351 1815 ‚
1372 1774 1411 1806 et
1426 1765 1472 1806 de
1490 1765 1570 1806 aliis
1585 1781 1712 1820 quaes-

295 1830 465 1871 tionibus
497 1832 719 1886 explicandis
737 1862 750 1884 ,
781 1834 821 1873 in
844 1847 970 1875 unum
1002 1834 1186 1876 doctrinae
1218 1849 1358 1890 corpus
1390 1839 1620 1890 conjunctos
1652 1836 1715 1877 hic

297 1900 447 1943 habebis
464 1931 477 1952 ‚
495 1917 592 1957 quos
604 1902 648 1946 in
663 1911 767 1944 tuam
783 1903 982 1952 utilitatem
995 1919 1169 1948 cessuros
1184 1908 1427 1950 vehementer
1441 1916 1536 1963 opto
1555 1917 1596 1949 et
1614 1922 1710 1951 con-

297 1971 456 2015 tidenter
474 1988 599 2033 spero.
622 1974 729 2016 Vale.

1372 2052 1423 2093 N.
1451 2052 1500 2093 E.
1530 2052 1577 2091 L.
