1826 3054
569 241 956 286 FASTORUM
991 242 1119 285 LIB.
1157 245 1245 286 VI.

1535 247 1619 307 387

279 336 508 392 Contulit;
532 353 583 383 ex
607 333 694 382 illis
717 333 793 382 sed
815 345 957 382 tamen
980 352 1066 382 una
1086 333 1171 382 fuit
1191 354 1202 382 t

216 416 282 462 Ex
304 413 390 462 illis
410 412 494 460 suit
513 416 633 466 una‚'
651 410 720 457 sui
742 427 943 473 germana
961 408 1107 457 mariti
1130 429 1140 457 ε

280 492 383 538 Haec
407 500 517 546 erat,
541 489 725 550 agnovi,
750 505 845 553 quae
869 497 956 534 stat
977 486 1024 533 in
1044 503 1140 533 arce
1163 485 1298 533 Jovis.

217 569 507 622 Hei-rueram,
528 564 747 629 tacitoque
772 564 963 611 animum
988 561 1154 628 pallore
1177 563 1373 612 fatebar:

283 645 434 707 Quum
460 642 563 698 dea,
590 660 703 707 quos
725 641 853 698 fecit,
878 639 1058 688 sustulit
1078 640 1174 707 ipsa
1195 652 1365 699 metus;

1586 667 1627 689 20

216 723 413 786 Namque
436 720 496 767 ait
518 739 527 766 :
553 720 595 767 Ο
620 730 762 776 vates,
788 718 956 765 romani
979 717 1183 766 conditor
1203 719 1330 776 anni,

280 798 399 846 Ause
423 815 503 863 per
524 796 706 859 exiguos
724 813 880 877 magna
898 795 1056 843 referre
1076 795 1231 842 modos
1249 814 1259 852 ;

217 920 393 966 Gargaro,
414 919 485 955 ldae
508 919 648 954 vertice.
673 917 745 953 Sed
764 918 891 952 Noster

217 980 355 1008 secutus
382 979 433 1006 est
458 969 614 1016 Euripid.
642 969 750 1015 Iphig.
775 968 890 1003 Aulid.

221 1027 305 1071 1294
319 1050 327 1066 ‚
354 1024 412 1058 ubi
426 1024 519 1058 locus
537 1023 584 1057 sic
602 1021 807 1056 describitur
823 1034 831 1055 ε
848 1020 892 1055 ad

219 1090 324 1122 aquas
348 1075 529 1120 limpidas,
550 1074 609 1108 ubi
634 1074 747 1107 sontes
772 1074 892 1120 Nym—

218 1129 367 1175 pharum
381 1134 415 1162 et
425 1134 564 1172 pratum
573 1125 749 1160 floridum.
759 1124 893 1169 Quam-

221 1195 325 1228 quam
351 1181 445 1215 idem
467 1179 547 1214 Hel.
571 1179 635 1222 23,
661 1178 794 1212 ldaeum
815 1190 894 1222 spe-

220 1247 322 1277 cum,
347 1229 448 1270 iram
471 1237 643 1275 κευθμῶνα,
663 1237 699 1264 et
721 1229 893 1264 Androm.

223 1287 286 1330 274
300 1311 309 1328 ,
332 1284 469 1335 ldaeum
481 1295 606 1317 nemus
618 1308 627 1325 ,
652 1277 759 1319 ἰδαῒαν
776 1282 871 1316 vim«
882 1307 892 1324 ,

222 1343 404 1372 memorat.
427 1336 560 1370 Locum
580 1334 678 1369 illum
698 1333 780 1368 inde
803 1333 895 1367 Ate-

222 1389 398 1424 xandriam
412 1387 543 1422 dictum
555 1399 626 1421 esse
638 1412 648 1429 ,
666 1385 792 1420 Strabo
806 1391 895 1419 etex

222 1454 264 1476 eo
280 1439 478 1485 Stephanus
489 1433 702 1485 Byzantinus
719 1444 821 1483 atque
839 1435 895 1470 alii

221 1499 430 1533 narrarunt3
447 1491 525 1526 vide
539 1489 740 1525 Hemsterh.
756 1489 797 1524 ad
814 1489 894 1523 Lu-

220 1546 308 1581 ciani
324 1544 456 1579 dictum
471 1543 597 1577 locum.
616 1541 795 1576 Caeterum
810 1554 893 1575 con-

218 1600 298 1632 tulit
310 1595 457 1630 Lenzius
473 1594 616 1639 explieat
625 1619 634 1637 ,
652 1605 730 1639 quae
740 1606 778 1627 se
792 1592 896 1643 simul

220 1651 446 1686 contulerunt
460 1649 502 1683 ad
520 1647 694 1683 Paridem.
710 1648 826 1682 Immo
837 1647 895 1691 ju·-

221 1704 350 1739 dicium
367 1701 503 1738 Paridis
519 1712 583 1746 per
598 1698 807 1734 antecedens
817 1698 895 1732 h.v.

222 1755 437 1801 exprimitur.
464 1754 540 1799 Qui
563 1752 721 1798 judicare
746 1751 842 1794 vult,
867 1750 931 1801 isq

223 1815 303 1843 ante
319 1806 465 1851 confirm
481 1819 535 1840 res
546 1831 556 1848 ,
581 1805 674 1838 inter
697 1816 733 1838 se
753 1815 898 1848 compa—

225 1872 320 1901 rare,
338 1858 449 1892 debet.
467 1857 581 1908 —sne
600 1858 664 1890 Ida
678 1868 805 1899 aquosa
817 1854 895 1888 vide

226 1911 266 1946 ad
285 1911 322 1946 ΙΙ
339 1910 484 1945 Metam.
502 1910 575 1943 218.
587 1927 630 1934 -·
642 1909 713 1942 Pro
731 1910 799 1941 Nec
813 1919 896 1951 quas

226 1963 298 1997 duo
320 1960 518 1996 Farnesiani
539 1962 614 1994 Non
638 1972 731 2004 qnos.
750 1977 795 1984 —-
817 1961 897 2002 (211ae

226 2020 312 2054 stat,
329 2013 447 2048 similis
460 2019 580 2046 statuae
594 2012 630 2045 in
644 2010 815 2055 Capitolio
825 2010 898 2044 col-

228 2069 355 2102 locatae.
374 2084 418 2091 —
433 2066 559 2098 Horror
577 2063 632 2098 ille
656 2076 752 2097 sacer
770 2062 899 2097 intelli-

228 2119 360 2166 gendus
373 2118 432 2164 qui
449 2124 482 2152 et
498 2118 534 2153 11
545 2143 555 2160 ‚
573 2119 636 2150 502
649 2142 659 2158 ‚
677 2115 751 2158 ΙΙΙ,
767 2115 827 2149 331
843 2123 898 2157 ;et

228 2170 457 2205 describiturl
470 2195 480 2212 ,
498 2168 755 2216 92.—An1'1num
771 2179 899 2212 nempe

228 2221 391 2256 timidum
402 2247 411 2264 ,
426 2218 901 2265 abjectum—Fateridicitur

228 2282 264 2308 et
291 2273 318 2308 is
333 2300 342 2315 ,
362 2272 422 2318 qui
447 2271 573 2306 inscius
595 2278 629 2305 et
652 2270 779 2305 invitus
796 2270 900 2315 signis

230 2324 435 2370 quibusdam
448 2323 555 2357 animi
571 2329 686 2356 motus
699 2321 814 2367 prodit
827 2335 835 2362 ;
848 2322 900 2356 VI

232 2380 319 2413 Met.
330 2379 392 2413 35:
413 2376 630 2420 confessaque
647 2378 790 2409 vultibus
805 2379 900 2410 iram.

234 2431 415 2476 lngeniose
446 2429 603 2464 additum
633 2432 737 2462 tacito
762 2430 902 2474 pallorq.

235 2481 412 2517 Ceterum
423 2480 569 2516 Ovidius
584 2481 619 2514 in
635 2479 700 2514 hoc
713 2492 817 2525 opere
831 2480 902 2523 jam

236 2531 903 2568 satisadsueveratnuminibusvidendis.

279 2599 330 2619 ιι.
350 2585 474 2620 Oratio
487 2585 639 2624 ‚Iunonis
653 2599 661 2625 ;
681 2591 800 2619 tuetur
814 2583 905 2618 Cin-

239 2638 283 2682 gii
303 2638 521 2671 sententiam.
545 2637 744 2671 Macrobius
762 2636 904 2671 Saturn'.

238 2690 276 2732 l,
299 2702 335 2723 12
355 2702 363 2724 :
384 2703 401 2718 «ι
419 2689 546 2724 Junius
568 2690 705 2724 Maium
726 2689 903 2734 sequitur,

239 2755 257 2770 »
274 2747 333 2774 aut
355 2753 396 2775 ex
420 2746 516 2786 parte
540 2741 659 2787 populi
682 2742 904 2784 nominatus,

958 932 975 947 »
993 924 1074 960 aut,
1094 925 1133 951 ut
1152 917 1298 964 Cingius
1313 918 1519 963 arbitratur,
1536 919 1629 965 quod

958 984 975 999 »
992 970 1171 1005 Junonius
1182 969 1272 1015 apud
1284 970 1425 1005 Latinos
1440 978 1519 1005 ante
1537 972 1632 1006 voci-

958 1036 976 1053 »
994 1029 1102 1065 tatus,
1120 1022 1249 1067 diuque
1261 1021 1351 1067 apud
1364 1022 1526 1057 Aricinos
1535 1023 1633 1058 Prae-

959 1090 976 1105 υ
994 1075 1216 1120 aestiuosque
1245 1074 1309 1110 hac
1338 1075 1568 1120 appellatione
1597 1077 1633 1111 iu

959 1141 976 1156 »
995 1126 1114 1161 Fastos
1131 1127 1258 1161 relatus
1273 1127 1316 1161 sit
1328 1127 1456 1175 :ladem
1473 1134 1512 1161 ut
1525 1154 1534 1170 ,
1549 1128 1636 1162 sicut

960 1192 977 1207 υ
997 1179 1098 1213 Nisus
1117 1179 1152 1212 in
1170 1179 1429 1213 commentariis
1450 1179 1635 1214 Fastorum

961 1245 978 1259 »
996 1230 1099 1274 dicit,
1119 1231 1208 1276 apud
1232 1231 1383 1275 majores
1405 1238 1544 1276 quoque
1564 1245 1636 1266 no—

963 1297 981 1312 »
997 1291 1086 1318 stros
1113 1283 1186 1318 haec
1217 1283 1400 1329 appellatio
1426 1284 1555 1318 mensis
1577 1284 1638 1319 diu

961 1347 979 1363 ι»
997 1334 1184 1376 manserit,
1204 1334 1264 1368 sed
1283 1341 1361 1380 post
1374 1360 1383 1377 ,
1401 1334 1535 1370 detritis
1551 1336 1637 1381 qui-

962 1399 979 1415 2»
997 1385 1141 1420 busdam
1159 1386 1283 1428 literis,
1295 1386 1640 1422 exJunonioJunius

959 1451 978 1468 »ι
996 1438 1107 1472 dictus
1131 1439 1196 1479 sit;
1221 1450 1305 1473 nam
1331 1447 1366 1474 et
1390 1440 1480 1475 aedes
1503 1441 1642 1476 Junoni

963 1504 980 1520 »ι
1000 1490 1156 1525 Μοιῐειω
1166 1491 1336 1526 Kalendis
1349 1492 1466 1527 Juniis
1482 1492 1641 1529 dedicata

962 1558 979 1574 »
998 1550 1059 1578 est.
1077 1558 1094 1573 »
1111 1543 1171 1578 Sic
1189 1543 1341 1579 historici
1359 1552 1395 1579 et
1411 1547 1639 1590 grammatici.

960 1594 1031 1629 Sed
1057 1594 1195 1629 Junoni
1224 1609 1326 1630 causa
1355 1597 1454 1632 aliter
1478 1598 1637 1643 agenda,

961 1647 1184 1693 pluribusque
1220 1650 1434 1694 argumentis
1471 1645 1638 1697 pugnan-

961 1699 1045 1734 dum
1061 1707 1144 1735 erat.
1162 1701 1388 1736 Nobilitatem
1402 1715 1500 1737 suam
1513 1704 1638 1748 jactat,

961 1751 1113 1787 honores
1140 1753 1222 1788 alios
1246 1754 1309 1788 sibi
1335 1754 1493 1799 habitos,
1521 1757 1642 1802 inpri-

962 1804 1095 1849 misque
1111 1805 1236 1839 merita
1254 1819 1314 1840 sua
1337 1807 1370 1840 in
1391 1807 1559 1852 populum
1574 1821 1642 1842 ro-

961 1868 1118 1890 manum.
1134 1857 1226 1891 Tota
1237 1857 1350 1892 oratio
1360 1858 1383 1892 J
1387 1859 1512 1894 unonis
1524 1873 1641 1895 mores

961 1910 1052 1944 bene
1075 1910 1245 1956 exprimit.
1263 1930 1307 1936 —
1325 1913 1470 1947 Condere
1492 1914 1640 1948 omnino

962 1960 1125 1995 ordinare
1140 1986 1149 2003 ,
1175 1962 1411 2003 constituere;
1435 1963 1553 1999 Livius
1566 1991 1575 2009 ,
1601 1966 1618 2000 I
1630 1992 1640 2008 ,

962 2013 1003 2055 4²
1015 2038 1025 2055 ,
1039 2026 1058 2042 «
1072 2011 1246 2047 Conditor
1256 2014 1370 2048 omnis
1380 2014 1418 2048 in
1429 2015 1565 2051 civitate
1577 2016 1643 2051 dis-

965 2078 983 2096 »
998 2065 1175 2106 criminin
1206 2079 1224 2095 ι·
1241 2066 1297 2101 III
1312 2092 1321 2110 ,
1343 2068 1407 2102 58:
1425 2082 1443 2098 «
1468 2067 1643 2104 Conditor

967 2129 985 2144 υ
1002 2116 1139 2150 romani
1162 2117 1260 2161 juris.
1278 2132 1296 2148 ³»
1320 2118 1441 2163 ltaque
1458 2123 1646 2155 conditores

964 2171 1052 2202 armi
1061 2172 1195 2203 tomani
1201 2170 1340 2215 proprie
1354 2171 1526 2207 Romulus
1538 2199 1548 2215 ,
1565 2173 1645 2212 Nu-

967 2232 1022 2253 ma
1031 2245 1041 2262 ,
1054 2220 1126 2254 Jul.
1138 2220 1256 2255 Caesar
1266 2247 1275 2264 ,
1285 2223 1344 2267 qui
1354 2236 1488 2258 annum
1499 2225 1644 2270 ejusque

965 2279 1124 2318 tempora
1147 2274 1414 2311 constituerunt.
1442 2275 1513 2310 Sed
1546 2289 1644 2311 nune

968 2330 1070 2367 poeta
1083 2323 1131 2358 sic
1145 2323 1289 2368 dicitur,
1306 2326 1365 2370 qui
1377 2338 1510 2360 annum
1528 2325 1646 2371 dispo-

966 2375 1072 2410 situm
1092 2381 1151 2409 aut
1166 2374 1337 2421 digestum
1352 2378 1508 2412 carmine
1525 2390 1643 2423 perse-

968 2427 1095 2472 quitur.
1106 2444 1150 2454 ·—-
1161 2429 1311 2462 Romani
1328 2433 1415 2463 anni
1422 2442 1434 2472 ‚·
1455 2442 1546 2464 unus
1568 2431 1645 2465 Va-

969 2481 1100 2514 ticanus
1109 2483 1240 2523 operosi
1246 2484 1344 2520 anni,
1365 2480 1458 2526 quod
1469 2481 1642 2517 Burman-

967 2545 1034 2566 nus
1047 2538 1224 2576 eomparat
1234 2543 1314 2566 cum
1327 2533 1342 2567 Ι
1354 2558 1364 2575 ,
1380 2546 1436 2568 101
1452 2534 1550 2577 ;111,
1567 2547 1641 2580 177,

968 2586 1028 2619 ubi
1048 2591 1144 2619 vates
1159 2595 1291 2628 operose
1305 2587 1449 2630 diemm5
1472 2585 1533 2621 sed
1548 2586 1644 2621 aliud

968 2643 1020 2672 est
1041 2643 1135 2671 vates
1154 2649 1328 2681 operosus,
1352 2637 1444 2672 aliud
1465 2652 1584 2675 annus.
1597 2656 1641 2665 --

969 2690 1100 2733 Exigut'
1117 2689 1212 2723 modi
1233 2694 1316 2724 sunt
1340 2689 1426 2735 elegi
1445 2705 1454 2731 ;
1480 2690 1558 2725 vide
1582 2691 1616 2725 ll
1631 2717 1640 2732 ‚

971 2739 1039 2773 3-8
1048 2766 1057 2783 ,
1075 2740 1170 2774 unde
1182 2746 1218 2774 et
1226 2747 1321 2786 patet
1331 2768 1340 2783 ‚
1358 2754 1434 2787 quae
1445 2745 1590 2776 audacto
1600 2741 1644 2776 sit
1688 2757 1690 2759 ·
