1826 3054
497 247 568 291 IN
604 245 847 290 OVIDII
887 244 1180 289 FASTOS.
1462 245 1550 304 509

491 522 495 526 ,
557 457 1002 516 EXCURSUS
1047 458 1113 513 V.

174 601 229 628 m:
256 599 423 628 nouum
452 600 568 629 amm
595 599 739 628 unctu
768 598 968 629 mensum
994 597 1049 626 an
1077 597 1255 635 rmus,
1287 587 1346 628 111
1363 615 1379 635 ,
1404 600 1504 636 121,

741 671 795 699 1-21·
821 664 865 710 1,
892 659 957 700 28.

309 895 486 942 Tempora
502 896 676 942 digereret
693 909 803 943 quum
822 895 986 931 conditor
1002 893 1096 929 urbis
1107 920 1117 937 ,
1139 893 1175 927 in
1195 905 1290 927 anno

379 953 571 990 Constituit
587 968 726 989 menses
746 955 899 1000 quinque
918 953 971 988 bis
990 965 1061 988 esse
1078 964 1151 986 suo,

310 1037 1284 1051 ------------------------------

309 1075 436 1110 Annus
455 1082 531 1111 erat
543 1102 554 1120 ,
581 1075 759 1112 decimum
777 1085 887 1122 quum
903 1074 985 1109 luna
1004 1072 1197 1119 repleverat
1215 1071 1348 1106 orbem.

134 1193 167 1239 I.
201 1172 481 1241 Rimomm
511 1211 537 1240 a
559 1192 762 1260 plurimis
792 1203 981 1240 veterum
1013 1190 1167 1238 initam
1194 1193 1205 1212 ¹
1226 1225 1238 1245 ,
1275 1199 1326 1236 ut
1355 1204 1549 1245 menses,

137 1270 285 1337 quales
300 1283 459 1338 postea
474 1284 598 1320 erant
611 1311 623 1330 ‚
644 1271 817 1320 lunares
833 1271 1097 1337 acciperent,
1116 1267 1251 1315 modo
1268 1266 1447 1328 triginta
1462 1266 1555 1314 die-

134 1368 232 1397 rum
247 1387 259 1407 ,
275 1349 409 1397 modo
424 1350 600 1413 triginta
613 1350 824 1407 etunius,
848 1361 893 1397 et
907 1349 966 1396 ita
984 1366 1099 1395 anno
1116 1343 1333 1393 Romuleo
1349 1343 1444 1405 304
1463 1343 1555 1392 dies

134 1427 413 1489 adsignarent
429 1465 442 1485 ,
480 1439 605 1476 acute
627 1428 714 1492 jam
735 1425 978 1475 confutavit
1002 1423 1159 1471 illustr.
1187 1420 1372 1469 Bredow
1396 1421 1551 1485 (Hist.

135 1505 309 1553 Unters.
335 1506 394 1552 H.
419 1506 467 1563 I,
492 1523 537 1571 p.
564 1503 629 1552 38
643 1505 679 1571 ).
719 1503 909 1552 Disertis
943 1501 1060 1550 enim
1090 1499 1235 1548 verbis
1268 1498 1421 1546 Livius
1449 1499 1555 1545 anni

134 1580 392 1629 divisionem
423 1583 481 1630 ad
516 1582 627 1630 lunae
659 1601 817 1630 cursum
838 1583 994 1630 Numae
1025 1579 1200 1626 demum
1224 1576 1460 1633 adscribit3
1485 1589 1552 1634 et,

134 1658 255 1723 quod
283 1658 462 1706 omnino
499 1659 803 1721 gravissimum
833 1670 900 1706 est
919 1695 932 1715 ,
968 1656 1108 1723 ipsius
1143 1655 1245 1703 anni
1269 1654 1422 1713 notio,
1457 1674 1554 1721 quae

134 1747 299 1783 eertum
324 1735 476 1783 orbem
495 1735 850 1798 gravissimorum
872 1747 1039 1783 naturae
1070 1734 1483 1799 phaenomenorum,
1508 1743 1554 1780 et

136 1814 344 1879 temporis
369 1826 488 1862 certo
513 1814 656 1880 spatio
680 1814 995 1862 recurrentium
1030 1812 1255 1875 designat,
1287 1830 1451 1859 annum
1474 1830 1554 1859 so-

136 1891 268 1940 larem
291 1904 438 1958 aperte
459 1892 686 1940 desiderat.
703 1893 764 1939 Et
783 1892 963 1939 omnino
981 1890 1093 1938 nihil
1110 1902 1276 1938 naturae
1290 1890 1429 1952 magis
1447 1908 1554 1938 con-

135 1982 390 2018 sentaneum
419 1982 513 2027 est,
539 1989 671 2036 quam
700 1982 752 2018 ut
772 1968 928 2036 populi
957 1969 1090 2017 rudes
1123 1968 1236 2016 hanc
1268 1966 1500 2034 periodum
1527 1986 1553 2015 a

136 2059 290 2095 natura
307 2047 404 2114 ipsa
421 2048 702 2096 constitutam
715 2084 728 2104 ,
755 2058 799 2094 et
811 2046 994 2094 maxime
1010 2046 1057 2093 in
1073 2045 1226 2094 oculos
1240 2045 1529 2093 incurrentem
1540 2083 1553 2103 ,

139 2123 193 2171 ad
220 2136 415 2191 tempora
440 2124 673 2188 digerenda
694 2123 945 2172 adhibeant.
973 2122 1021 2170 Si
1043 2141 1145 2170 vero
1166 2122 1212 2169 h.
1240 2121 1269 2168 l.
1295 2141 1457 2170 annum
1481 2141 1556 2170 so-

138 2243 229 2289 apud
249 2244 370 2279 Ekhel.
387 2251 471 2279 tom.
489 2244 544 2279 Vl
557 2270 567 2287 ,
585 2258 618 2290 p.
635 2244 697 2291 98,
715 2243 813 2278 Her-

138 2295 252 2331 oulem
270 2297 422 2341 agnoscit
441 2297 493 2330 vir
509 2296 630 2331 doctus
648 2323 658 2340 ‚
680 2310 697 2326 «ι
719 2308 813 2341 qua—

139 2362 158 2377 »
177 2361 326 2394 cumque
347 2348 390 2383 de
415 2362 515 2383 causa
538 2348 637 2382 illum
661 2355 813 2383 monetae

142 2414 159 2428 »ι
178 2399 357 2443 intulerit,
378 2401 508 2436 nescire
522 2413 558 2435 se
571 2415 588 2430 ιι
605 2399 740 2442 dicens,
758 2400 813 2434 vix

140 2451 286 2496 amplius
300 2452 343 2486 de
355 2465 456 2487 causa
466 2479 475 2495 ,
489 2465 552 2486 cur
564 2451 704 2486 adsidue
717 2452 814 2486 Her-

139 2504 254 2538 culem
273 2504 418 2539 coluerit
437 2504 531 2551 Syna
543 2531 553 2547 ,
575 2503 721 2539 dubites.
745 2504 814 2538 Hic

140 2557 235 2591 enim
250 2557 322 2599 vir,
340 2558 399 2602 qui
411 2558 481 2603 ipse
493 2556 653 2591 confiteri
663 2556 811 2599 solebat,

140 2609 308 2643 Fortunae
328 2622 364 2643 se
381 2610 499 2644 omnia
512 2609 660 2651 debere,
681 2615 716 2643 et
731 2608 814 2642 inde

140 2660 263 2695 Felicis
274 2687 284 2704 ,
295 2661 433 2705 Fausti,
449 2661 656 2707 cognomina
667 2660 730 2694 sibi
750 2660 814 2694 im·

140 2711 292 2756 ponebat
303 2737 312 2754 ‚
329 2712 519 2747 Herculem
530 2739 540 2755 ,
560 2713 619 2758 qui
636 2719 814 2757 tamquam

142 2777 249 2808 opum
265 2771 301 2800 et
315 2763 512 2800 divitiarum
527 2764 662 2810 praesidi
676 2790 686 2807 ,
702 2764 815 2799 bono-

877 2256 958 2278 rum
982 2242 1046 2277 sub
1069 2243 1144 2287 ejus
1168 2240 1328 2287 prasidio
1353 2248 1555 2288 paratorum

878 2294 1063 2329 decumam
1077 2293 1252 2328 offerebat
1262 2319 1273 2335 ,
1293 2293 1440 2327 omnino
1451 2294 1557 2327 maxi·

877 2346 926 2380 mi
942 2346 1069 2380 habere
1087 2345 1253 2387 debebat,
1273 2351 1309 2379 et
1329 2344 1489 2379 eamdem
1508 2345 1554 2379 ob

876 2411 1037 2441 causam,
1065 2411 1133 2443 qua
1155 2399 1335 2432 Venerem
1360 2404 1397 2432 et
1416 2397 1555 2432 Fortu-

877 2464 983 2493 nam,
999 2451 1106 2485 etiam
1126 2450 1319 2484 Herculem
1339 2450 1376 2483 in
1399 2449 1556 2483 nummis

877 2504 1026 2538 exhibet.
1038 2502 1289 2546 —Tamquam
1305 2502 1406 2536 sortis
1420 2508 1455 2535 et
1471 2500 1555 2536 sor-

879 2564 973 2591 tunae
984 2567 1108 2601 praeses
1124 2561 1265 2599 apparet
1276 2554 1381 2588 etiam
1395 2553 1433 2587 in
1444 2552 1556 2588 histo-

879 2605 965 2641 riola
981 2605 1072 2651 apud
1086 2605 1178 2640 Plut.
1195 2604 1336 2640 Romul.
1351 2607 1372 2639 5
1382 2630 1393 2648 ,
1409 2605 1466 2639 ubi
1480 2604 1555 2639 talis

878 2658 967 2693 ludit
981 2671 1062 2692 cum
1077 2656 1214 2692 aedituo.

925 2711 936 2730 ¹
961 2709 1067 2745 ovid.
1083 2708 1105 2742 Ι.
1120 2722 1148 2743 c.
1165 2708 1321 2742 Macrob.
1337 2708 1374 2757 1,
1394 2720 1455 2750 ¹23
1475 2707 1551 2742 So-

880 2762 940 2798 lin.
961 2762 1001 2805 13
1022 2760 1208 2796 censorin.
1226 2760 1306 2796 XX.
