1826 3054
258 197 346 239 320

634 196 687 239 P.
721 196 961 242 OVIDII
997 197 1221 242 NASOh
1237 198 1300 243 IS

256 289 374 338 Hinc
397 301 490 339 sata
513 290 748 356 Majestas;
772 290 859 340 hos
883 303 951 340 est
972 291 1051 341 dea
1074 311 1202 342 censa
1222 305 1451 360 parentes;
1631 310 1674 343 25

320 366 511 433 Quaque
534 366 605 415 die
626 378 756 434 partu
780 378 848 415 est
867 367 981 415 edita
996 405 1007 426 ‚
1030 387 1186 431 magna
1210 368 1305 417 suit.

254 445 348 494 Nec
367 464 517 504 mora;
544 445 745 495 consedit
766 445 914 495 medio
936 445 1143 496 sublimis
1166 445 1363 515 Olympo

320 522 468 570 Aurea
486 558 498 579 ‚
524 540 748 588 purpureo
770 521 1078 589 conspicienda
1099 522 1211 571 sinu.

258 597 508 649 Consedere
532 596 664 646 simul
684 597 859 656 Pudor,
885 610 930 647 et
950 599 1130 647 Metus:
1152 617 1281 648 omne
1304 599 1472 649 videres

319 679 496 726 Numen
519 675 575 724 ad
599 676 711 725 hanc
735 675 880 726 cultus
904 677 1208 744 composuisse
1228 696 1346 727 suos.
1635 695 1681 729 3ο

258 755 472 804 Protinus
494 753 676 803 intravit
696 765 865 803 mentes
887 765 1120 822 suspectus
1138 754 1358 803 honorum
1376 776 1387 803 :

322 833 396 881 Fit
418 831 610 900 pretium
636 830 807 894 dignis3
827 850 907 881 nec
931 831 1018 881 sibi
1045 832 1229 900 quisque
1252 832 1407 900 placet.

257 978 388 1014 Putem
400 1004 409 1021 ,
426 977 479 1012 his
499 977 612 1012 verbis
628 977 854 1013 concubitum
878 977 937 1013 le-

255 1031 420 1078 gitimum
438 1056 448 1075 ,
475 1031 680 1077 conjugium
708 1030 865 1067 describi.
893 1049 938 1058 —

257 1083 421 1131 Neapolis
456 1084 661 1130 praserebat
690 1097 901 1129 composuere
921 1096 935 1127 ,·

258 1148 332 1171 non
353 1136 612 1177 bene.—l{1·nc,
634 1149 675 1171 ex
692 1148 736 1171 eo
753 1136 939 1171 matrimo—

257 1189 319 1224 nio
331 1215 341 1233 ,
358 1195 438 1223 sata
456 1189 637 1231 Mali-stas.
652 1207 698 1215 —
714 1190 938 1224 Censeriali-

257 1244 343 1289 quid
354 1269 363 1283 ,
398 1242 435 1277 in
464 1254 609 1278 censum
636 1242 773 1277 deferre
795 1268 805 1286 ,
833 1248 937 1287 atque

258 1294 347 1331 adeo
359 1290 532 1341 possidere
543 1320 553 1337 ,
566 1293 713 1335 habere;
728 1295 743 1330 1
756 1306 797 1329 ex
806 1294 935 1337 Ponto,

258 1346 296 1382 ll
309 1373 319 1391 ‚
337 1346 397 1382 138
411 1360 419 1382 ι
432 1361 449 1376 κ
464 1346 528 1381 Est
542 1345 636 1381 inter
650 1346 795 1382 comites
804 1346 938 1381 Marcia

259 1413 279 1429 ν
291 1410 394 1434 censa
402 1410 481 1433 suas
493 1423 503 1441 ,
517 1412 534 1427 υ
548 1396 669 1432 habuit
682 1397 938 1433 interoomites.

259 1450 314 1487 Ita
337 1458 372 1486 et
391 1449 517 1485 Cicero
539 1462 605 1497 pro
620 1449 711 1486 Flac.
733 1450 775 1485 32
796 1456 832 1486 et
848 1449 939 1485 alibi.

259 1503 355 1539 Male
372 1504 479 1550 igitur
494 1510 531 1539 et
549 1503 616 1539 boc
630 1503 707 1539 loco
721 1503 848 1550 interp.
859 1504 941 1550 qui-

258 1554 340 1591 dam
350 1581 360 1600 ,
372 1562 407 1590 et
425 1555 559 1601 Lipsius
569 1555 612 1590 ad
626 1555 738 1591 Taciti
755 1554 884 1591 Annai.
902 1555 939 1597 l,

259 1612 279 1644 5
292 1636 302 1653 ,
322 1616 512 1656 putarunt,
530 1608 703 1655 passivum
718 1611 848 1644 censeri
856 1608 940 1655 poni

260 1674 323 1706 pro
334 1660 456 1696 activo.
471 1660 564 1696 Vide
580 1660 753 1696 Gronovii
769 1660 856 1696 Obs.
874 1660 939 1704 lv,

259 1713 291 1747 3.
302 1712 406 1748 Hanc
417 1719 574 1748 nostram
587 1719 705 1748 autem
718 1712 795 1748 lect.
807 1712 941 1748 Mazar-

260 1777 353 1801 unus
369 1765 569 1801 Far-nesian.
584 1764 766 1801 Mediceus
777 1773 813 1801 et
823 1765 940 1801 forsan

261 1817 454 1854 zulichem.
473 1831 491 1853 a
508 1831 617 1854 manu
634 1818 747 1865 prima
765 1817 942 1854 exhibent.

262 1869 391 1906 Caeteri
404 1883 412 1906 ι
427 1884 504 1917 que
517 1873 674 1906 mundun
688 1877 849 1916 eeu-perat
861 1883 941 1905 on-

259 1935 334 1957 nem
348 1933 361 1965 ,·
380 1934 458 1967 que
473 1922 549 1957 sine
565 1921 674 1957 dubio
689 1920 842 1968 prosecta
858 1927 941 1957 sunt

260 1975 303 2010 ab
312 1987 356 2010 eo
365 2000 376 2018 ,
389 1975 450 2020 qui
460 1981 520 2010 aut
534 1987 654 2010 veram
666 1974 939 2023 iectionembnon

259 2027 497 2073 intelligebat,
523 2034 584 2062 aut
607 2027 643 2062 iu
666 2026 855 2073 exemplari
876 2039 941 2062 suo

260 2092 395 2116 erasam
418 2079 625 2126 reperiebat.
650 2078 801 2115 Krebsio
820 2086 940 2115 tamen

260 2130 334 2167 hec
350 2130 452 2166 lectio
472 2131 588 2166 verior
607 2130 790 2167 videbatur
802 2157 811 2175 ,
833 2131 940 2166 altera

261 2183 425 2231 glossa.—
430 2186 568 2229 Quaque
578 2186 632 2219 Διὶ·
642 2190 708 2219 ete.
724 2184 859 2230 Nempe
870 2197 941 2219 ma-

259 2236 363 2281 jestas
378 2247 452 2270 non
472 2235 595 2271 crescit
612 2235 654 2270 ab
672 2235 802 2281 exiguis
824 2235 940 2271 initiis.

259 2290 436 2330 -Χεᾶἰο,
454 2289 490 2325 in
506 2303 583 2325 arce
602 2289 770 2337 Olympi,
787 2289 869 2325 inde
884 2302 942 2325 su-

259 2346 382 2379 blimes.
397 2343 569 2379 —Antra
586 2349 652 2378 etc.
669 2342 713 2378 de
732 2342 798 2378 boc
812 2350 940 2379 omniu

260 2395 338 2431 vide
350 2395 393 2431 ad
407 2396 442 2433 11
453 2421 466 2441 ,
484 2396 552 2432 3ιο
564 2422 575 2441 ,
594 2396 652 2432 ubi
664 2396 808 2432 Kaous?
821 2403 942 2432 anulo

259 2450 496 2493 complcti-uda
510 2452 597 2484 sium

307 2514 358 2548 ²9·
386 2499 461 2546 Qui
488 2501 669 2546 majestate
694 2507 839 2537 ornatus
861 2507 913 2537 est
928 2527 939 2545 ,

260 2565 343 2587 eum
362 2561 510 2589 metuunt
522 2554 660 2597 cuncti,
680 2553 715 2589 id
735 2561 811 2597 est,
834 2566 942 2589 reve-

261 2612 385 2639 rentur
395 2630 405 2649 ,
421 2618 540 2640 coram
553 2618 596 2640 eo
609 2606 738 2641 timent
748 2605 876 2652 aliquid
888 2606 943 2641 fa-

260 2656 628 2702 terendam-dignum
640 2671 649 2698 3
662 2656 779 2693 Livius
788 2683 798 2701 ,
808 2657 918 2693 ΧΧΙΙ
929 2683 940 2702 ,

261 2706 305 2741 3:
322 2722 337 2736 σι
352 2719 425 2742 non
439 2706 547 2742 modo
565 2707 711 2744 Patrum
728 2708 918 2754 majestatis
929 2733 939 2751 ,

1003 992 1021 1008 »
1036 977 1095 1014 sed
1115 991 1161 1013 ne
1179 977 1328 1014 deorum
1340 978 1483 1025 quidem
1498 978 1578 1014 satis
1596 991 1680 1013 me-

1003 1045 1022 1061 »
1040 1037 1153 1065 tuens.
1168 1045 1185 1060 ›-
1211 1030 1306 1066 Hinc
1328 1032 1512 1074 Masestaei
1531 1030 1680 1066 assident

1001 1084 1119 1118 Pudor
1139 1090 1175 1118 et
1195 1083 1316 1118 Metus.
1333 1083 1481 1118 Lensius
1502 1090 1683 1128 comparat

1004 1134 1151 1170 Hesiodi
1166 1128 1239 1185 ὲῃ.
1255 1147 1341 1177 ²⁰⁰3
1358 1135 1417 1170 ubi
1429 1139 1532 1175 Αἰδὼς
1551 1141 1605 1171 καὶ
1625 1138 1683 1171 Ni-

1002 1203 1093 1232 μισις
1107 1212 1118 1231 ‚
1142 1186 1265 1223 Pudor
1290 1194 1327 1222 et
1351 1186 1534 1231 Nemesis,
1556 1186 1683 1221 relictis

1003 1238 1204 1274 hominibus
1221 1266 1231 1283 ,
1258 1239 1341 1274 deos
1373 1239 1515 1274 adeunt.
1548 1237 1684 1273 Confer

1003 1292 1045 1327 ad
1060 1305 1199 1328 versum
1213 1294 1318 1337 45.-
1329 1293 1447 1328 Cultus
1459 1292 1626 1328 Heinsius
1642 1305 1682 1326 ex

1003 1346 1126 1381 Ursini
1146 1347 1265 1382 codice
1282 1346 1412 1393 recepit
1434 1346 1522 1392 pro',
1547 1348 1681 1387 vallus,

1003 1404 1151 1443 utraque
1172 1398 1274 1433 lectio
1291 1398 1384 1433 bona
1402 1406 1463 1433 est.
1490 1400 1610 1432 Vultus
1625 1397 1682 1432 di-

1003 1450 1095 1485 citur
1109 1454 1277 1495 componi.
1300 1449 1443 1496 quando
1460 1448 1682 1484 affectionem

1005 1502 1192 1548 quamdam
1212 1503 1320 1538 :mimi
1339 1514 1410 1548 prae
1425 1516 1462 1538 se
1479 1501 1570 1536 serre
1587 1502 1681 1536 inri-

1004 1557 1076 1603 pit,
1092 1556 1185 1591 idem
1202 1556 1340 1592 animus
1354 1556 1574 1592 affectionem
1590 1556 1683 1590 iiiam

1004 1621 1169 1648 sumens;
1190 1608 1347 1655 exempla
1365 1607 1527 1643 dedimus
1545 1606 1587 1641 ad
1611 1607 1685 1642 Pli-

1006 1661 1123 1704 nium,
1143 1660 1251 1707 Epist.
1271 1660 1364 1703 Vll,
1385 1669 1421 1703 1,
1437 1659 1479 1702 ὅ,
1499 1658 1557 1693 ubi
1578 1672 1585 1692 ι
1604 1673 1621 1687 σι
1640 1657 1683 1691 ad

1008 1727 1027 1743 »
1043 1713 1288 1748 abstinentiam
1304 1712 1461 1747 animum
1478 1712 1684 1756 vultumque

1008 1780 1026 1796 ›-
1042 1765 1232 1811 composui.
1247 1780 1263 1795 a·
1281 1765 1352 1800 Sed
1368 1772 1404 1800 et
1419 1767 1547 1804 cultus,
1566 1763 1600 1798 id
1613 1771 1684 1806 est,

1006 1819 1168 1862 vestitus,
1185 1819 1275 1855 bene
1288 1818 1595 1863 diciturco-poae1·‚·
1613 1818 1685 1853 Pli-

1006 1872 1085 1907 nius
1096 1898 1106 1915 ‚
1125 1872 1192 1915 IV,
1211 1871 1274 1917 Ep.
1288 1882 1325 1906 xl
1337 1897 1347 1916 ,
1360 1871 1380 1905 3
1391 1884 1400 1906 ι
1412 1886 1429 1901 σι
1444 1871 1633 1916 Postquam
1647 1882 1684 1904 se

1008 1939 1026 1954 ν
1042 1924 1260 1969 composuit,
1278 1922 1589 1968 circumspexitque
1614 1920 1683 1956 ha-

1009 1990 1027 2006 »
1044 1975 1168 2011 bitum.
1187 1990 1204 2005 ι·
1221 1975 1304 2010 Jam
1317 2001 1327 2018 ,
1344 1975 1404 2021 qui
1419 1974 1502 2009 alios
1517 1986 1685 2009 reveren-

1008 2034 1061 2061 ter
1081 2026 1235 2070 adeunt,
1260 2026 1283 2061 ii
1307 2033 1344 2061 et
1365 2025 1500 2061 vultum
1524 2037 1627 2060 suum
1648 2032 1683 2059 et

1006 2078 1140 2114 ruitum
1156 2085 1397 2125 componunt,
1415 2085 1454 2114 ut
1469 2077 1615 2113 decorus
1628 2079 1682 2113 sit.

1009 2132 1125 2167 Etiam
1137 2131 1203 2167 hoc
1214 2131 1423 2178 figmentum
1433 2131 1611 2176 egregium
1622 2138 1683 2166 est.

1007 2183 1177 2219 Krebsius
1195 2186 1305 2218 culeus
1321 2187 1545 2227 commosse
1560 2183 1661 2216 vertit
1676 2196 1683 2216 :

1004 2238 1077 2271 ihm
1085 2236 1193 2271 Sate-
1202 2237 1291 2270 παι-Λ
1298 2236 1354 2269 ihr
1360 2236 1541 2269 tebni-Men
1549 2247 1560 2272 .-
1571 2241 1604 2268 ιιι
1617 2237 1683 2268 ml-

1005 2294 1061 2323 !ns
1074 2290 1299 2332 conposuisse
1313 2284 1408 2331 quod
1430 2286 1544 2321 verius
1562 2292 1658 2331 putat
1672 2312 1681 2327 ,

1003 2341 1060 2374 e‘hr
1070 2341 1204 2374 Aulin
1222 2339 1310 2373 aad
1323 2339 1379 2372 ihr
1390 2340 1530 2379 uellem·
1549 2345 1684 2373 utrum·

1005 2404 1073 2437 que
1091 2391 1196 2426 mate:

1048 2445 1102 2479 31.
1121 2444 1320 2487 Suspectus.
1350 2442 1544 2477 admiratio.
1558 2461 1602 2469 —
1615 2444 1680 2478 Ια-

1002 2504 1093 2533 tram
1107 2524 1117 2537 .
1143 2503 1183 2532 ut
1199 2495 1278 2531 alibi
1295 2497 1406 2531 subin·
1418 2524 1426 2532 .
1450 2495 1492 2530 de
1511 2497 1550 2531 iis
1566 2522 1576 2538 ‚
1603 2509 1680 2541 qua

1004 2550 1168 2585 oriuntur
1182 2548 1218 2583 in
1232 2548 1484 2588 animoa-Ru
1498 2547 1582 2590 duo.
1590 2548 1676 2593 sert,

1005 2603 1099 2652 quod
1119 2602 1266 2639 Heinsio
1284 2602 1462 2647 eleganter
1478 2601 1610 2637 dictum
1629 2604 1680 2637 vi-

1004 2657 1173 2700 debatur,
1197 2662 1235 2690 ut
1254 2655 1365 2691 Tacit.
1392 2655 1518 2691 Annal.
1540 2655 1591 2691 ΧΙ
1609 2682 1618 2699 ,
1634 2655 1677 2689 G:

1006 2723 1023 2739 ι
1043 2707 1116 2752 Ut,
1133 2706 1313 2753 quomodo
1324 2708 1375 2743 vis
1386 2706 1592 2743 morborum
1609 2719 1681 2751 pre-
