1826 3054
538 211 922 256 FASTORUM
960 213 1086 258 LIB.
1126 215 1215 259 IV.

1493 219 1577 262 300

241 310 300 356 Et
320 308 372 356 de
395 308 538 356 vicino
559 319 672 356 terra
688 309 826 374 petita
843 307 954 356 solo.

177 386 311 433 Fossa
330 383 522 451 repletur
539 384 699 442 humo,
722 383 947 452 plenaeque
966 385 1214 452 imponitur
1234 406 1331 446 ara3

238 464 299 510 Et
318 481 459 511 novus
480 480 662 511 accenso
685 462 869 511 finditur
891 463 992 525 igue
1014 463 1152 512 focus.

174 537 281 584 lude
303 556 501 603 premens
523 538 677 587 stivam
703 538 904 601 designat
922 537 1080 586 moenia
1100 537 1224 587 sulco
1243 559 1255 588 ε

1511 556 1581 593 825

235 612 349 661 Alba
369 613 522 677 jugum
543 614 671 663 niveo
691 633 792 662 cum
813 615 927 663 bove
951 633 1074 663 vacca
1102 614 1216 670 tulit.

172 693 270 740 Vox
290 692 374 740 fuit
395 692 486 740 haec
509 693 624 755 regis
647 712 657 740 :
683 693 903 742 Condenti
919 730 931 751 ,
951 694 1153 759 Jupiter,
1173 694 1328 743 urbem
1341 732 1354 753 ,

237 770 296 817 Et
316 770 489 832 genitor
509 771 712 827 Mavors,
735 771 956 837 Vestaque
978 782 1137 828 mater,
1158 771 1286 829 ades;

173 844 387 911 Quosque
409 846 532 912 pium
556 858 622 894 est
643 845 849 894 adhibere
870 846 1016 904 Deos,
1042 845 1252 895 advertite
1275 847 1420 896 cuncti
1440 866 1452 894 ε

232 924 503 990 Auspicibus
526 924 653 972 vobis
672 924 759 972 hoc
781 923 890 971 mihi
912 935 1064 987 surgat
1086 926 1225 991 opus!

170 1053 310 1086 Fossam
319 1050 413 1084 illam
425 1050 599 1084 mundum
609 1051 790 1094 vocabant,
801 1051 839 1084 in

168 1115 315 1147 eamque
326 1110 361 1137 et
371 1102 539 1147 primitias
547 1102 707 1136 omnium
718 1114 839 1136 rerum

170 1162 206 1189 et
220 1155 400 1200 particulas
416 1162 517 1190 terrae
528 1181 539 1198 ,
555 1167 597 1189 ex
612 1167 679 1200 qua
694 1155 838 1199 quisque

169 1205 311 1250 regione
321 1213 482 1247 venerat,
497 1205 696 1241 commixtas
706 1205 841 1240 desere-

171 1258 263 1292 bant
281 1258 374 1292 Tum
390 1258 551 1293 conditor
564 1271 661 1293 aeneo
676 1270 816 1294 vomere
826 1285 838 1302 ,

170 1310 364 1356 junctisque
380 1311 511 1354 bubus,
529 1311 618 1345 mari
634 1317 670 1346 et
684 1310 813 1346 semina
826 1338 838 1355 ‚

171 1362 383 1407 profundum
394 1362 539 1397 ducebat
549 1362 683 1397 sulcum
692 1388 702 1405 ,
713 1369 748 1397 et
757 1389 766 1406 ,
780 1363 839 1397 ubi

171 1421 270 1458 porta
280 1413 491 1459 designanda
506 1420 580 1448 erat
591 1440 603 1457 ,
618 1413 665 1447 ibi
678 1420 838 1458 exempto

168 1466 368 1511 sublatoque
384 1470 526 1500 vomere
538 1492 549 1509 ,
565 1466 714 1512 spatium
730 1466 839 1500 relin-

170 1517 305 1561 quebat.
317 1516 390 1562 Qui
401 1529 483 1551 eum
491 1517 738 1562 sequebantur,
749 1519 772 1552 ii
784 1532 838 1552 ex·
852 1522 855 1525 '

168 1570 284 1605 citatas
295 1578 409 1605 aratro
418 1571 532 1616 glebas
541 1571 635 1604 intro
644 1571 836 1606 vertebant.

170 1622 269 1658 Adde
287 1621 519 1657 Columellam
530 1649 541 1666 ,
554 1623 609 1657 vl
624 1621 842 1668 prat—Ad

167 1677 307 1709 solidum
319 1674 422 1710 Lens.
435 1675 697 1720 interpretatur,
715 1676 750 1710 in
763 1675 837 1711 loeo

168 1722 296 1770 solido,
318 1726 434 1762 locum
451 1727 548 1762 enim
570 1726 667 1762 illum
688 1729 836 1762 maxima

169 1792 208 1812 ex
222 1785 319 1823 parte
331 1778 434 1814 fuisse
448 1780 634 1825 palustrem
650 1794 658 1819 ;
676 1779 737 1814 sed
752 1779 836 1824 quid

169 1828 230 1863 fiet
253 1829 304 1864 his
326 1830 433 1866 locis?
455 1831 613 1867 Valerius
636 1831 835 1874 Maximus,

171 1879 229 1921 11,
252 1894 265 1914 1
285 1892 293 1913 ε
311 1895 329 1910 α
352 1881 678 1918 Fundamentorum
701 1885 836 1919 consti—

171 1946 189 1959 »
206 1931 418 1966 tuendorum
429 1933 554 1978 gratia,
571 1941 699 1969 terram
710 1935 752 1970 ad
771 1949 836 1971 so-

172 1998 189 2011 »
207 1982 317 2018 lidum
328 1984 457 2020 fodere.
475 2000 492 2014 ›-
517 1985 712 2021 Columella
724 2013 734 2030 ‚
758 1988 811 2022 lv
823 2015 834 2031 ,

170 2035 213 2067 30
227 2047 235 2068 ε
252 2049 270 2064 α
286 2035 402 2070 salices
418 2050 436 2065 υ
456 2035 630 2082 deponere
647 2050 689 2072 eo
709 2051 834 2083 usque,

170 2099 186 2113 «
205 2084 291 2119 dum
313 2085 355 2120 ad
379 2087 528 2121 solidum
555 2087 795 2123 demittantur.
817 2105 836 2120 ιι

168 2134 215 2172 lis
225 2138 306 2172 locis
318 2137 415 2174 sossae
426 2140 570 2174 altitudo
582 2141 753 2183 innuitur,
768 2154 837 2186 qua

167 2202 221 2224 res
236 2189 392 2226 demissa
406 2191 548 2227 firmum
566 2193 836 2229 fundamentum

168 2242 305 2279 habent.
321 2244 450 2279 Noster
460 2246 513 2281 xl
528 2245 673 2281 Metam.
687 2260 725 2291 72
741 2260 749 2282 ε
764 2263 781 2276 α
798 2248 835 2282 in

170 2311 187 2325 ιι
194 2296 337 2331 solidam
343 2296 489 2332 detrusit
497 2300 654 2334 acumine
663 2307 803 2335 terram.
816 2316 834 2332 υ

171 2347 414 2383 Μὶῑςὼετίἰεὶι.
437 2351 587 2395 praetulit
611 2354 662 2385 ad
676 2354 829 2394 solitam,

170 2400 262 2448 quod
275 2401 413 2446 plurimi
429 2410 588 2436 veterum
603 2411 802 2447 agnoscunt.

211 2453 285 2495 824.
308 2455 462 2489 Finditur
481 2456 637 2490 revocavi
655 2482 665 2499 ‚
687 2457 767 2501 quia
787 2457 835 2492 sie

169 2505 370 2540 vetustiores
383 2506 537 2552 plerique
553 2521 560 2548 ς
567 2510 665 2553 findi
674 2509 769 2543 enim
783 2521 835 2543 so·

171 2555 242 2589 lum
266 2563 350 2590 testu
373 2556 485 2599 solet3
512 2558 548 2592 11
575 2559 720 2593 Metam.
749 2562 833 2607 159:

170 2623 187 2637 κ
206 2608 299 2642 Fissa
313 2608 413 2643 tellus
425 2610 492 2655 agit
506 2610 629 2651 riman
649 2626 665 2641 ιο
681 2625 728 2645 vs.
746 2624 806 2646 211
820 2637 830 2654 ‚

167 2659 318 2693 Phoebus
335 2674 352 2689 «
371 2659 474 2695 findit
495 2661 676 2705 vaporibus
704 2674 793 2696 arva.
814 2676 832 2691 υ

171 2711 288 2756 Virgil.
301 2710 429 2759 Georg.
442 2713 478 2748 ΙΙ
488 2739 498 2757 ,
516 2714 600 2749 353:
614 2729 631 2745 κ
649 2714 751 2749 findit
764 2713 834 2748 Ca·

1514 941 1581 975 83⁰

905 1064 924 1080 ιο
939 1049 993 1084 nis
1009 1049 1135 1085 mtifer
1149 1062 1239 1084 arva.
1259 1064 1277 1081 n
1304 1050 1470 1086 Heinsius
1489 1051 1579 1098 vulg.

892 1101 1051 1146 simgilur
1061 1101 1218 1137 defendit
1228 1129 1237 1146 ‚
1256 1103 1577 1148 quiasungidican-

904 1159 984 1196 tur,
1007 1165 1084 1198 quae
1099 1153 1255 1189 officium
1272 1167 1376 1189 suum
1393 1162 1577 1200 prestent;

903 1205 1063 1240 nonnulli
1070 1207 1234 1250 funditur
1246 1215 1304 1241 aut
1309 1209 1506 1253 fingitur.—-
1511 1209 1583 1242 Sti-

903 1270 964 1297 aa,
984 1270 1140 1302 german.
1154 1259 1209 1292 die
1222 1258 1351 1297 Sterze,
1368 1258 1502 1304 lignum
1518 1272 1580 1304 per

901 1307 1018 1342 burim
1030 1309 1068 1342 in
1081 1308 1219 1343 dentale
1230 1308 1444 1344 descendens
1455 1337 1465 1354 ,
1482 1311 1580 1355 cujus

903 1371 968 1404 ope
986 1368 1102 1395 arator
1115 1360 1276 1395 flectebat
1294 1369 1466 1405 aratrum;
1481 1362 1578 1409 Virg.

905 1412 1034 1458 Georg.
1049 1413 1086 1455 1,
1106 1415 1389 1459 179.—Premens‚
1406 1422 1444 1449 ut
1458 1428 1580 1450 vomer

903 1463 969 1497 alte
994 1463 1181 1498 descendat
1202 1478 1211 1506 ;
1238 1465 1455 1510 profundum
1481 1468 1581 1501 enim

901 1515 1034 1550 sulcum
1046 1542 1055 1559 ,
1077 1519 1193 1552 ἅυλοαα
1206 1524 1332 1562 βαθεῖαν
1344 1545 1353 1562 ,
1374 1518 1555 1555 faciebant.

946 1570 1111 1615 827-832.
1123 1571 1250 1606 Preces
1264 1571 1407 1606 Romuli
1422 1599 1431 1615 ,
1450 1572 1493 1607 de
1506 1575 1577 1618 qui-

903 1619 967 1654 bus
978 1620 1130 1656 historici
1142 1622 1227 1656 nihil
1239 1622 1388 1663 habent;
1402 1624 1580 1659 victimam

902 1678 1019 1706 tamen
1038 1674 1114 1718 ejus
1131 1674 1320 1720 Dionysius
1338 1684 1523 1712 memorat.
1534 1695 1581 1704 -

902 1723 959 1758 De
980 1727 1083 1760 Vesta
1098 1727 1196 1761 Latio
1211 1728 1303 1762 illata
1316 1728 1393 1763 vide
1410 1729 1465 1764 111
1477 1756 1487 1772 ‚
1505 1730 1578 1773 426.

901 1776 1257 1812 —Matercommune
1272 1778 1430 1813 Dearum
1441 1780 1579 1825 epithe—

901 1834 962 1861 ton
974 1855 984 1871 ‚
1006 1836 1045 1863 ut
1055 1838 1155 1873 pater
1167 1831 1337 1866 Deorum.
1351 1850 1397 1858 -—·
1410 1833 1581 1867 Adhibere

900 1879 935 1912 in
950 1881 1114 1914 auxilium
1126 1907 1136 1924 ,
1147 1882 1333 1927 implorare
1346 1897 1354 1923 ;
1369 1883 1474 1917 etiam
1486 1883 1576 1929 apud

901 1931 1045 1966 Florum
1057 1960 1067 1976 ‚
1088 1934 1124 1976 1,
1142 1946 1155 1968 1
1168 1961 1178 1978 ,
1196 1935 1218 1969 6
1230 1962 1240 1979 ,
1262 1936 1434 1970 Romulus
1451 1938 1577 1971 urbem

900 1984 1104 2020 conditurus
1118 2013 1128 2029 ‚
1154 1990 1250 2022 Deos
1270 1991 1424 2029 adlidet,
1448 2001 1577 2034 nempe

900 2037 1285 2083 auspiciis—Adverti&
1295 2041 1504 2076 Taubnerus
1515 2055 1575 2076 ex-

900 2089 1001 2134 plicat
1014 2117 1023 2133 ,
1040 2093 1316 2128 animadvertite.
1329 2094 1446 2128 Immo
1457 2094 1554 2129 deest
1564 2121 1574 2138 ,

900 2145 1036 2175 numina
1050 2151 1180 2184 vestra,
1200 2145 1294 2189 quod
1310 2145 1490 2180 interdum
1505 2145 1575 2180 ad-

902 2189 1018 2234 ditur,
1041 2201 1079 2227 ut
1095 2194 1178 2228 AEn.
1195 2196 1268 2238 IV,
1286 2197 1362 2231 611.
1380 2197 1427 2231 Et
1449 2198 1574 2242 passim

900 2242 966 2278 hoe
982 2245 1127 2279 verbum
1140 2247 1293 2282 absolute
1305 2250 1466 2294 ponitur;
1481 2250 1576 2284 Dra-

900 2295 1088 2331 kenborch.
1106 2298 1147 2332 ad
1165 2299 1290 2334 Silium
1300 2327 1310 2344 ,
1326 2302 1364 2345 Ι,
1378 2303 1576 2336 asa—Au-

898 2351 1047 2391 spicibus
1057 2352 1161 2388 vobit,
1179 2359 1293 2387 vestro
1302 2354 1439 2397 auxilio,
1450 2354 1570 2398 ductu,

898 2401 1042 2435 consilio
1057 2416 1064 2442 3
1087 2415 1176 2437 unus
1191 2404 1261 2439 MS
1277 2409 1500 2451 cuspis-iisque
1514 2409 1576 2440 bo-

899 2458 968 2494 nis,
984 2462 1022 2488 ut
1040 2455 1073 2497 1,
1091 2455 1172 2497 513,
1190 2458 1286 2490 bonis
1295 2459 1431 2500 anam,-
1443 2457 1572 2503 plures,

898 2510 1151 2551 auspicibusque
1169 2511 1273 2543 bonis.
1296 2526 1340 2535 —
1364 2510 1501 2553 Surgere
1525 2510 1573 2544 sic

898 2565 934 2592 et
950 2558 1040 2603 apud
1055 2558 1174 2604 Virgil.
1192 2567 1230 2593 ut
1245 2560 1281 2594 in
1302 2560 1381 2595 illo:
1396 2575 1414 2590 α
1431 2559 1467 2595 Ο
1486 2560 1571 2595 sor·
1592 2590 1594 2592 a

900 2624 917 2639 υ
936 2610 1045 2644 tunati
1057 2636 1067 2653 ,
1085 2623 1236 2655 quorum
1249 2611 1320 2656 jam
1336 2612 1464 2646 moenia
1483 2625 1568 2646 sur-

900 2677 918 2693 »
936 2670 1022 2707 gunt
1039 2663 1046 2696 !
1064 2678 1080 2691 n
1098 2665 1280 2698 Allerm'tas
1296 2664 1431 2710 imperii
1449 2672 1485 2699 et
1497 2679 1568 2709 po—

896 2718 1002 2748 tentia
1024 2727 1144 2750 rerum
1169 2715 1298 2761 ubique
1323 2716 1567 2751 Romanorum
