1826 3054
538 255 924 301 FASTORUM
959 257 1087 301 LIB.
1127 259 1165 301 1.
1510 265 1562 306 81

161 351 256 400 Vos
284 368 461 416 quoque
483 349 717 415 subjectis,
742 349 933 399 formicae
950 388 963 409 ‚
988 351 1152 417 parcite
1176 352 1323 415 granis
1343 372 1354 401 ε

1508 370 1575 406 685

227 428 337 476 Post
356 445 540 476 messem
562 427 719 494 praedae
741 426 868 493 copia
890 427 1031 492 major
1048 428 1142 477 erit.

163 506 332 554 Interea
351 515 515 553 crescat
538 505 702 554 scabrae
725 504 943 567 robiginis
966 523 1119 571 expers
1137 542 1150 564 ,

227 583 318 629 Nec
339 581 448 629 vitio
472 579 563 629 caeli
585 579 746 647 palleat
766 600 877 643 aegra
903 600 1026 644 seges
1046 601 1056 640 ;

163 661 223 708 Et
242 679 385 725 neque
409 658 581 707 deficiat
600 659 735 707 macie
749 696 761 715 ‚
786 677 929 725 neque
953 659 1165 725 pinguior
1183 646 1309 727 aequo

229 736 407 785 Divitiis
430 748 577 802 pereat
600 735 824 784 luxuriosa
843 735 964 784 suis:

166 816 225 862 Et
246 824 418 861 careant
436 810 556 860 loliis
577 811 730 860 oculos
752 811 1012 860 vitiantibus
1031 813 1152 875 agri;

230 892 322 938 Nec
346 889 507 938 sterilis
528 888 648 938 culto
674 900 826 951 surgat
840 898 979 938 'avena
1004 889 1116 937 solo.

166 967 385 1016 Triticeos
405 967 563 1022 scetus,
586 983 856 1031 passuraque
878 965 992 1013 sarra
1013 966 1085 1014 bis
1108 966 1282 1028 ignem,

233 1045 497 1110 Hordeaque
519 1043 689 1105 ingenti
713 1042 880 1091 foenore
902 1042 1058 1091 reddat
1080 1061 1196 1106 ager.

170 1123 270 1170 Hoc
295 1139 376 1182 ego
398 1138 481 1185 pro
506 1119 636 1166 vobis
650 1155 662 1175 ‚
685 1118 770 1166 hoc
792 1137 872 1167 vos
893 1131 1042 1184 optate
1057 1156 1071 1176 ,
1094 1118 1245 1168 coloni
1265 1139 1276 1167 :

236 1198 530 1262 Efficiantque
551 1207 667 1244 ratas
689 1207 873 1262 utraque
894 1196 1007 1245 Diva
1031 1215 1196 1263 preces.

173 1275 297 1323 Bella
318 1275 394 1322 diu
421 1286 594 1322 tenuere
615 1273 734 1321 viros
752 1293 764 1321 t
784 1285 875 1321 erat
899 1273 1043 1339 aptior
1064 1274 1181 1322 ensis

238 1353 426 1400 Vomere
447 1371 457 1398 :
478 1350 659 1399 cedebat
679 1362 831 1399 taurus
851 1362 998 1399 arator
1017 1369 1148 1417 equo.

176 1427 353 1478 Sarcula
377 1427 633 1485 cessabant;
653 1427 854 1494 versique
875 1429 922 1475 in
945 1426 1035 1494 pila
1054 1427 1249 1490 ligones,

238 1507 459 1572 Factaque
484 1505 537 1553 de
559 1505 691 1553 rastri
712 1505 906 1571 pondere
929 1505 1063 1554 cassis
1086 1517 1188 1553 erat.

175 1634 236 1667 qne
249 1627 314 1656 etc.
335 1620 499 1656 Jucunde
524 1620 667 1666 quidem
690 1620 853 1655 formicas

177 1673 295 1709 differt
307 1671 349 1707 ad
365 1685 515 1707 messem
526 1698 536 1715 ,
555 1672 615 1707 sed
632 1672 749 1708 minus
761 1673 852 1708 bene

177 1739 234 1763 eas
254 1726 290 1760 in
314 1725 472 1771 precibus
487 1725 531 1759 ad
547 1725 641 1760 Deas
656 1726 853 1771 alloquitur.

176 1797 220 1805 ·—-
231 1778 415 1824 Subsedit,
440 1790 568 1823 nempe
586 1777 693 1823 glebae
709 1804 719 1821 ,
741 1785 853 1813 terrae.

178 1830 248 1865 MS
272 1829 460 1875 Gottorph.
486 1833 680 1874 supposae‘tis.
716 1830 768 1864 lta
799 1830 855 1865 111

179 1883 328 1917 Metam.
349 1894 409 1915 ιω
420 1907 430 1923 ,
444 1894 624 1925 supponere
639 1884 751 1916 dentes
764 1888 857 1915 lerroe

180 1934 225 1968 de
238 1932 377 1968 Cadmo
390 1932 512 1968 dentes
526 1933 790 1968 serente.·-·De
801 1946 858 1967 m-

182 1987 293 2028 bige'ne
302 2010 311 2023 ‚
322 1983 406 2018 vitio
414 1990 572 2028 segetum
581 2010 591 2026 ,
603 1996 708 2029 quam
721 1984 858 2030 Robigo

185 2036 262 2070 Dea
275 2061 284 2078 ,
301 2035 357 2070 cui
373 2034 486 2079 Aprili
502 2043 587 2070 extr.
599 2048 693 2070 sacra
708 2035 857 2079 fiebant,

186 2094 342 2122 avertere
367 2085 593 2130 credebatur,
609 2086 687 2120 vide
704 2087 755 2120 lv
768 2113 778 2129 ,
795 2090 859 2134 905

185 2152 258 2184 sqq.
275 2140 420 2182 leahge,
437 2138 542 2172 etiam
559 2150 635 2183 quae
652 2139 791 2182 proprie
806 2138 862 2172 di-

185 2191 297 2233 citur,
324 2197 360 2224 et
380 2189 519 2223 metalla
539 2188 656 2236 adedit
670 2214 679 2230 ,
703 2201 758 2222 res
775 2201 862 2222 sca-

186 2245 265 2276 bras
277 2240 438 2275 efficit.-
444 2242 598 2278 Palleat.
622 2247 717 2274 areat
729 2265 740 2282 ‚
757 2239 864 2274 succis

187 2301 272 2329 κω
287 2292 444 2327 ademtis.
453 2310 499 2318 —-
510 2294 645 2335 AEgram
660 2299 799 2335 segetem
814 2291 865 2324 il·-

187 2347 309 2381 lustrat
329 2346 506 2379 Heinsius.
524 2344 623 2379 ldem
643 2358 684 2379 ex
703 2357 775 2378 uno
794 2343 864 2378 MS

189 2411 253 2434 suo
266 2424 276 2441 ‚
292 2398 347 2433 eui
367 2396 584 2432 Francosurt.
598 2409 618 2431 a
631 2409 740 2431 manu
754 2397 866 2442 prima

190 2450 438 2496 adstipulatur,
454 2456 532 2484 ussa
553 2450 779 2496 praetulisset,
801 2449 868 2484 nisi

191 2503 287 2537 idem
304 2502 449 2536 verbum
470 2502 542 2546 jam
561 2502 796 2546 praecessisset.
823 2519 869 2527 —-

195 2555 327 2588 Macies
333 2567 421 2597 egra
432 2567 451 2587 a
464 2553 576 2588 Statio
587 2554 699 2588 Theb.
710 2555 777 2596 IV,
791 2567 866 2598 '70²2

193 2604 268 2639 solo
283 2604 456 2638 tribuitur.
476 2622 520 2630 —
541 2606 693 2639 Laexun'a
711 2611 870 2650 segetum

196 2662 270 2698 est,
287 2668 397 2700 quum
415 2664 569 2691 onerata
588 2657 763 2690 fertilitate
780 2668 871 2700 pro-

197 2706 389 2747 cuminian
405 2706 496 2744 Plin.
516 2707 668 2750 xvul,
693 2717 799 2748 xuv,
826 2719 869 2748 η

200 2757 323 2803 virgil.
338 2757 468 2804 Θεοῖς.
488 2759 506 2794 1
518 2783 531 2803 ,
557 2771 628 2795 ua.
647 2776 694 2785 —
712 2760 845 2796 Lotum
852 2783 871 2801 ,.

359 2823 449 2869 VI.

1530 1527 1597 1564 700

916 1620 1021 1654 Linn.
1036 1620 1158 1654 lolium
1176 1619 1411 1654 temulentum
1428 1644 1438 1661 ,
1461 1618 1600 1654 Nostris

923 1674 1063 1716 Trespe,
1083 1673 1210 1706 Laelch
1224 1697 1234 1712 ‚
1260 1670 1468 1705 credebatur
1484 1674 1601 1705 oculos

917 1728 1039 1758 vitiare
1045 1723 1308 1759 comedentium
1316 1749 1326 1766 ,
1337 1735 1397 1757 eos
1413 1723 1602 1758 luscitiosus

918 1776 1067 1811 reddere
1081 1790 1089 1817 ;
1109 1775 1204 1821 quod
1220 1782 1255 1810 et
1270 1774 1477 1820 Fulgentius
1490 1775 1526 1808 in
1542 1775 1601 1809 lib.

920 1827 964 1862 de
988 1828 1106 1862 Prisco
1130 1839 1293 1862 sermone
1314 1827 1484 1861 observat.
1508 1826 1602 1862 Vide

923 1878 1153 1928 Hardninum
1169 1878 1212 1914 ad
1231 1878 1321 1913 Plin.
1341 1878 1450 1913 XXII
1465 1904 1475 1920 ,
1495 1891 1544 1924 77.
1568 1878 1603 1912 A

923 1930 1071 1976 Virgilio
1080 1957 1089 1973 ‚
1106 1929 1235 1976 Georg.
1247 1931 1264 1965 I
1278 1957 1288 1973 ,
1310 1931 1370 1973 154
1379 1955 1390 1973 ,
1404 1929 1528 1973 infelix
1539 1943 1607 1964 vo-

923 1989 1022 2017 catur
1035 2008 1044 2024 ,
1060 1994 1131 2026 quo
1147 1982 1222 2027 ipso
1244 1981 1321 2015 loco
1341 1994 1447 2014 arena
1463 1980 1546 2015 cum
1561 1994 1606 2016 eo

922 2034 1159 2079 conjungitur.
1174 2033 1279 2068 Linn.
1291 2046 1398 2067 avena
1408 2033 1501 2067 fatua
1510 2060 1520 2076 ‚
1535 2036 1607 2068 ail-

924 2088 990 2126 der,
1011 2087 1263 2126 lauba-Habet,
1277 2085 1314 2118 in
1326 2097 1430 2129 quam
1449 2085 1606 2119 triticum

925 2145 962 2173 et
985 2137 1160 2172 hordeum
1183 2137 1397 2183 degenerare
1412 2136 1607 2171 credeban-

926 2195 995 2223 tur.
1003 2207 1047 2215 —
1055 2191 1120 2223 Bis
1129 2202 1277 2233 passum
1289 2193 1398 2233 ignem
1406 2216 1415 2228 ,
1434 2188 1517 2222 dum
1531 2196 1607 2223 tor-

927 2247 1054 2275 rentur
1068 2249 1148 2275 ante
1163 2268 1174 2284 ,
1201 2254 1307 2286 quam
1333 2241 1516 2275 moluntur
1533 2267 1542 2283 ,
1572 2248 1609 2274 et

929 2292 1015 2326 dum
1025 2299 1227 2337 coquuntur
1237 2294 1273 2326 in
1283 2290 1613 2337 furna—Efficianl

929 2351 1032 2378 ratas.
1051 2344 1118 2387 IV,
1138 2346 1200 2390 775
1213 2370 1224 2387 ‚
1241 2344 1400 2389 precibus
1415 2344 1522 2377 finitis
1537 2343 1609 2378 ad—

931 2396 1024 2431 ditur
1041 2408 1051 2431 :
1070 2399 1151 2439 Qud.-
1160 2409 1281 2439 precor
1293 2394 1455 2430 effiminat.

974 2447 1049 2493 697.
1071 2448 1232 2486 Tenuere,
1254 2453 1438 2491 occupatos
1452 2453 1610 2480 tenuere.

931 2517 975 2524 —
985 2501 1074 2534 Erat
1085 2501 1213 2541 aptior,
1232 2498 1409 2532 malebant
1423 2497 1472 2531 illi
1487 2509 1610 2532 ensem

934 2558 1080 2585 tractare
1093 2577 1103 2592 ‚
1120 2563 1224 2594 quam
1241 2557 1459 2584 aratrum.-—
1478 2550 1611 2584 Taurus

933 2609 1055 2636 arator.
1079 2602 1195 2636 Etiam
1223 2600 1316 2646 apud
1335 2600 1515 2635 Tibullum
1529 2626 1539 2643 ,
1565 2600 1582 2633 l
1598 2625 1609 2642 ,

935 2666 957 2689 x
968 2679 978 2696 ‚
998 2654 1039 2696 46
1049 2680 1059 2695 ,
1077 2666 1142 2698 pro
1156 2662 1311 2688 araturos
1320 2655 1418 2687 boves
1426 2651 1525 2686 MSS
1536 2651 1611 2696 qui-

935 2705 1016 2739 dam
1040 2705 1124 2738 boni
1143 2730 1153 2748 ,
1179 2705 1391 2750 approbante
1414 2703 1613 2738 Broukhus.

935 2763 1083 2791 aratores
1098 2759 1207 2792 boves.
1224 2757 1287 2792 lbi-
1294 2756 1460 2802 Heynius
1473 2756 1511 2789 in
1528 2753 1614 2789 obs.

1365 2825 1394 2863 b
