1826 3054
468 254 472 258 ·
526 236 925 281 FASTORUM
956 238 1083 281 LIB.
1120 238 1178 281 V.

1474 237 1557 280 325

148 333 265 381 Hinc
288 350 365 380 sua
383 331 568 396 majores
590 331 794 396 posuisse
813 329 1024 378 vocabula
1047 330 1169 378 Maio

212 410 415 470 Tunger,
436 418 483 455 et
504 407 620 455 aetati
641 405 913 455 consuluisse
937 425 1038 454 suae.

149 488 208 535 Et
230 486 435 535 Numitor
454 485 616 533 dixisse
640 497 813 551 potest;
837 485 906 532 Da
921 521 932 541 ‚
957 482 1170 541 Romule,
1197 502 1392 533 mensem
1521 500 1563 545 75

214 567 346 614 Hunc
368 565 572 621 senibus;
595 583 675 612 nec
699 582 825 612 avum
847 562 1109 611 sustinuisse
1133 582 1287 629 nepos.

149 644 241 691 Nec
262 641 353 689 leve
376 640 602 708 praepositi
622 639 786 706 pignus
811 657 1037 687 successor
1054 638 1239 687 honoris

210 718 372 766 Junius
386 755 398 775 ‚
418 737 443 766 a
464 718 670 782 juvenum
693 716 871 764 nomine
894 715 1062 772 dictus,
1085 715 1230 762 habet.

149 797 263 844 'Tum
287 795 348 843 sic
364 833 376 853 ‚
401 794 628 857 neglectos
649 793 808 841 hedera
831 792 1033 841 redimita
1057 792 1267 858 capillos,

214 874 361 922 Prima
387 874 455 923 sui
479 873 613 940 coepit
634 872 860 939 Calliopea
885 872 1034 921 chori:
1522 889 1567 922 80

149 983 200 1019 bis
212 1011 221 1028 ,
238 985 292 1019 vel
304 985 385 1019 urbs
398 985 575 1027 universa,
593 984 645 1019 vel
660 984 693 1018 id
704 1011 714 1027 ,
730 983 824 1018 unde

149 1037 238 1071 salus
257 1037 352 1071 urbis
374 1037 515 1082 pendet.
535 1036 635 1082 Quid
654 1036 827 1071 Romulus

150 1088 192 1123 ad
203 1096 380 1124 senatores
394 1089 554 1124 retulerit
563 1116 573 1133 ‚
584 1103 602 1124 e
613 1102 733 1124 rerum
743 1089 827 1124 scri-

150 1141 306 1185 ptoribus
329 1148 440 1186 patet;
465 1140 658 1176 secundum
681 1141 827 1188 Dionys.

152 1192 264 1227 Halic.
290 1193 325 1228 11
338 1219 348 1236 ,
377 1207 414 1227 ια
431 1219 441 1236 ,
470 1193 573 1239 elegit
584 1220 595 1236 ,
621 1193 827 1239 quibuscum

153 1244 406 1289 rempublicam
421 1244 696 1288 administraret,
710 1245 777 1290 μεθ’
788 1246 827 1281 ὧν

153 1298 293 1347 τρέπειν
310 1299 348 1332 roi
363 1299 448 1332 turae}
462 1303 591 1342 ἔμελλεν·
616 1297 805 1343 Eutropius
815 1323 825 1341 ‚

154 1349 172 1383 1
188 1374 199 1390 ‚
230 1362 241 1382 ι
271 1361 279 1382 ;
308 1363 325 1377 «
355 1361 506 1394 quorum
535 1349 678 1384 consilio
708 1349 827 1383 omnia

155 1415 173 1429 »
190 1407 316 1445 ageret.
332 1416 349 1430 ›-

198 1452 248 1497 73.
269 1452 340 1486 Pro
356 1454 515 1496 posuisse
536 1452 639 1498 vulgo
663 1454 830 1487 tribuisse.

151 1507 353 1550 —Taaegor‚
377 1505 525 1540 inducor
536 1532 546 1550 ,
565 1513 605 1541 ut
617 1506 769 1541 credam.
786 1525 831 1533 —

152 1557 264 1590 AEtati
285 1559 494 1591 consuluisse
518 1571 587 1591 sue
603 1583 612 1597 ‚
644 1557 735 1592 aetati
759 1569 830 1591 suae

151 1606 246 1643 hunc
261 1607 434 1643 bonorem
450 1608 741 1644 habuisse—Non
755 1621 832 1644 sus-

150 1664 237 1695 tinet
259 1661 407 1696 alterum
420 1688 430 1705 ,
451 1663 509 1707 qui
532 1675 605 1696 non
627 1669 741 1707 potest
757 1675 830 1696 non

151 1713 343 1749 satisfacere
355 1715 431 1759 ejus
442 1714 601 1759 precibus
613 1729 622 1756 ;
637 1714 725 1749 xlv
739 1714 831 1749 Met.

155 1765 237 1808 788:
248 1778 266 1794 σι
278 1778 344 1800 nec
354 1765 527 1812 Nymphae
540 1767 631 1810 justa
644 1773 826 1811 petentem

158 1829 176 1843 »υ
194 1815 398 1851 Sustinuere
412 1817 532 1858 deam;
550 1832 567 1847 n
587 1817 661 1851 Liv.
681 1817 806 1852 XXXI
819 1843 830 1859 ,

161 1867 200 1900 13
223 1880 231 1900 :
254 1882 272 1897 ει
294 1867 444 1903 Senatus
465 1877 653 1914 querentes
673 1882 733 1904 eos
755 1882 831 1904 non

157 1920 329 1954 sustinuit.
340 1920 527 1955 »—Plures
537 1921 634 1955 MSS
646 1934 710 1955 avo
718 1948 727 1962 ,
738 1921 832 1966 quod

159 1972 326 2006 Heinsius
346 1985 419 2006 non
442 1973 486 2007 de
509 1973 619 2007 nihilo
643 1980 741 2018 putat
755 2000 767 2016 ,
793 1980 835 2008 ut

158 2038 294 2068 negare,
309 2025 362 2059 vel
376 2026 486 2060 simile
500 2025 583 2070 quid
592 2050 603 2067 ,
614 2025 835 2070 intelligatur.

158 2095 202 2102 —
217 2079 288 2111 Nec
303 2080 371 2111 lere
387 2084 452 2111 etc.
473 2076 636 2111 eamdem
654 2075 836 2123 etymolo-

159 2129 250 2173 giam
267 2129 347 2163 satis
363 2124 551 2163 confirmat
572 2136 608 2163 et
630 2128 717 2172 hoc,
742 2127 837 2174 quod

159 2181 288 2215 mensis
303 2193 454 2225 sequens
467 2181 598 2215 Junius
615 2193 634 2214 a
652 2180 838 2224 juvenibus

160 2245 293 2268 nomen
307 2233 422 2268 habet.
436 2233 506 2268 Sed
517 2235 764 2278 Jum'iquoque
776 2246 838 2268 no·

161 2299 245 2321 men
253 2288 456 2333 ambiguum
470 2288 541 2329 ;V1
554 2287 629 2322 init.
639 2306 682 2313 --
690 2290 819 2331 Pignus
826 2315 835 2329 ,

164 2338 332 2384 quidquid
354 2352 430 2374 rem
451 2346 582 2374 certam
598 2338 679 2374 facit
696 2346 756 2373 aut
772 2346 839 2373 tu-

166 2398 238 2425 tam
250 2417 261 2434 ,
278 2404 362 2437 ergo
379 2399 415 2426 et
431 2397 688 2436 argumentum.
710 2390 734 2425 J
738 2390 839 2425 unius

165 2445 318 2478 succedit
329 2443 451 2479 ordine
462 2471 473 2488 ‚
487 2456 572 2490 ergo
581 2450 617 2478 et
628 2446 773 2485 ἧκον-ιη
791 2444 840 2478 sic

168 2495 324 2531 Lenzius.
340 2497 460 2532 Potest
475 2504 598 2532 tamen
610 2498 746 2531 honoris
759 2508 840 2531 cum

164 2552 287 2591 paegrnns
298 2549 463 2594 conjungi
474 2575 485 2592 ,
501 2549 594 2594 quod
608 2549 731 2583 melius
745 2555 841 2593 puto.

168 2595 372 2634 Lectionem
396 2607 514 2635 autem
540 2607 694 2635 nostram
719 2601 842 2634 Hein-

168 2653 238 2688 sius
258 2653 476 2698 composuit:
494 2658 669 2697 prepositi
684 2653 803 2687 habuit
821 2666 840 2688 e

168 2703 266 2739 MSS
284 2705 459 2749 quinque;
481 2717 656 2740 successor
676 2718 718 2739 ex
737 2704 842 2739 Zuli-

168 2755 353 2790 chemiano
363 2782 373 2800 ,
386 2756 597 2793 Mazarinaeo
613 2769 632 2792 a
647 2769 755 2791 manu
772 2755 843 2802 pri-

890 997 949 1019 ma
961 1010 971 1028 ,
989 991 1064 1019 tum
1081 997 1121 1018 ex
1137 995 1211 1018 uno
1223 982 1435 1018 Farnesiano
1447 989 1482 1018 et
1492 983 1571 1017 Me-

891 1036 1013 1077 diceo;
1032 1039 1133 1070 babet
1155 1035 1307 1081 denique
1334 1049 1375 1070 ex
1401 1035 1572 1070 Mazarin.

893 1088 1084 1123 Zulichem.
1099 1088 1219 1123 Ursin.
1235 1094 1270 1122 et
1285 1087 1367 1122 aliis.
1387 1087 1489 1123 Idem
1505 1100 1571 1122 nec

888 1144 1066 1185 preposito
1094 1143 1216 1174 honori
1234 1140 1446 1186 spernebat,
1476 1139 1571 1185 quod

894 1193 981 1227 Laeti
993 1193 1120 1235 codex,
1132 1193 1266 1238 primus
1280 1192 1441 1227 Ambros.
1456 1191 1571 1226 Fran—

892 1245 1015 1280 cosurt.
1033 1252 1068 1279 et
1082 1252 1151 1279 tres
1166 1244 1222 1279 alii
1238 1244 1423 1285 exhibent;
1445 1244 1573 1278 Taub-

892 1312 999 1334 nerus
1024 1311 1108 1332 vero
1133 1299 1250 1332 minus
1274 1305 1396 1342 aptum
1420 1298 1573 1342 putabat.

895 1353 1012 1387 Antea
1033 1352 1262 1397 vulgabatur:
1280 1353 1355 1385 Nec
1371 1353 1442 1385 leve
1452 1363 1578 1394 propo-

893 1409 958 1439 sit1
956 1409 1082 1450 pignus
1090 1408 1254 1439 successit
1262 1407 1419 1439 bonores:
1428 1406 1575 1445 lunias,

893 1470 917 1490 a
925 1469 1085 1497 Juvenum
1102 1460 1236 1490 nomin
1250 1459 1382 1493 del-lus,
1404 1458 1513 1489 adest.
1534 1474 1579 1481 —

895 1509 999 1555 Regii
1023 1516 1095 1544 tres
1123 1509 1201 1543 libri
1233 1509 1419 1543 lectionem
1450 1508 1578 1553 vulga-

895 1568 969 1595 tam
985 1569 1020 1596 et
1036 1561 1221 1596 meliorem
1237 1573 1320 1595 meo
1333 1560 1488 1605 judicio,
1506 1560 1576 1594 ha-

894 1613 991 1646 bent.
1008 1614 1074 1646 Ed.

942 1677 1006 1710 79-
1016 1677 1027 1697 ι
1037 1676 1087 1698 ιο.
1107 1664 1229 1699 Tertia
1245 1664 1440 1707 sententia,
1456 1676 1497 1698 ex
1508 1675 1578 1707 qua

898 1715 1029 1751 mensis
1047 1729 1067 1749 a
1089 1716 1185 1750 Maia
1205 1742 1215 1758 ,
1243 1715 1414 1750 Mercurii
1440 1722 1551 1749 matre
1565 1740 1575 1758 ,

896 1769 1018 1804 dictus.
1032 1768 1232 1804 Macrobius
1248 1768 1341 1803 dicto
1356 1768 1450 1803 loco:
1461 1782 1478 1798 α
1490 1767 1577 1802 Cin-

899 1835 919 1851 »
936 1822 1009 1855 cius
1020 1833 1180 1855 mensem
1199 1822 1423 1854 nominatum
1440 1827 1539 1865 putat
1556 1832 1577 1854 a

899 1886 917 1902 υ
933 1872 1043 1914 Maia,
1051 1883 1157 1916 quam
1169 1870 1404 1905 Vulcanidicit
1411 1883 1555 1905 uxorem
1567 1884 1578 1912 ;

899 1938 918 1954 υ
935 1931 1213 1969 argumentoque
1234 1924 1368 1965 utitur,
1389 1922 1482 1967 quod
1505 1922 1579 1957 fla-

898 1990 916 2005 »
937 1988 1020 2010 men
1046 1974 1245 2010 Vulcanalis
1272 1974 1441 2009 Kalendis
1473 1974 1578 2010 Maiis

898 2042 917 2058 ›-
934 2027 1018 2062 buic
1033 2027 1107 2062 deae
1121 2040 1200 2062 rem
1217 2026 1378 2062 divinam
1386 2026 1486 2068 facin
1505 2043 1522 2058 »ι
1539 2034 1575 2062 et

899 2091 981 2113 mox
997 2092 1011 2112 ε
1024 2093 1041 2108 κ
1060 2078 1295 2114 Contendunt
1313 2079 1368 2114 alii
1383 2106 1393 2124 ,
1419 2079 1553 2114 Maiam
1567 2107 1577 2123 ‚

902 2145 920 2161 ›-
938 2131 1107 2166 Mercurii
1122 2139 1273 2166 matrem
1285 2159 1295 2176 ‚
1316 2134 1428 2167 mensi
1446 2146 1579 2168 nomen

902 2196 920 2212 ι·
938 2182 1071 2218 dedisse
1090 2198 1109 2213 ὀ
1133 2191 1198 2219 etc.
1220 2202 1265 2211 --
1287 2184 1446 2230 Calliope
1465 2189 1581 2229 prima

901 2237 1013 2274 chori,
1036 2235 1116 2279 quia
1132 2242 1279 2280 praeerat
1294 2236 1394 2281 epiro
1409 2237 1556 2270 carmini
1569 2250 1579 2277 ;

901 2287 935 2320 V
949 2287 1039 2321 Met.
1055 2286 1119 2321 652
1130 2313 1141 2330 ,
1156 2291 1307 2322 nauhu
1318 2288 1502 2322 Musarum
1517 2300 1583 2321 vo-

901 2346 1019 2379 catur;
1037 2345 1072 2373 et
1085 2338 1166 2372 ibid.
1181 2339 1247 2387 339
1259 2365 1269 2383 ,
1295 2352 1421 2374 canere
1439 2340 1579 2385 incipit:

903 2406 921 2420 «ι
932 2391 1103 2425 immissos
1112 2389 1245 2425 hedera
1250 2391 1393 2426 collecta
1402 2391 1551 2436 capillos.
1561 2407 1580 2424 ιι

902 2442 1073 2476 Mulieres
1088 2441 1186 2476 domi
1205 2442 1366 2477 sedentes
1384 2443 1524 2488 capillos
1540 2445 1581 2479 in

904 2494 1030 2529 faciem
1051 2495 1223 2530 immissos
1237 2520 1249 2538 ‚
1277 2502 1342 2529 aut
1358 2508 1493 2541 sparsos
1518 2510 1582 2543 per

903 2544 1073 2580 humeros
1097 2552 1135 2580 et
1157 2544 1354 2580 defluentes
1379 2546 1582 2589 habebant3

905 2599 965 2641 11,
984 2612 1067 2644 772;
1087 2605 1277 2634 cantatura
1299 2599 1506 2645 colligebant
1525 2613 1585 2635 eos

904 2650 1020 2694 nodo,
1039 2657 1080 2685 ut
1100 2650 1226 2686 dicturi
1246 2659 1363 2697 togam
1385 2664 1585 2697 compone-

906 2704 1054 2789 Ιὲεωι-
1062 2704 1201 2740 Hedera
1218 2703 1403 2740 doctarum
1418 2705 1589 2740 frontium

939 2767 1031 2790 ecus.
