1826 3054
459 254 874 318 FAs'rORUM'
899 271 1036 315 LIB.
1079 272 1153 314 11.

1436 267 1510 314 rai

168 367 333 431 Magna
354 367 444 416 dati
465 366 616 415 nutrix
638 364 816 432 praemia
836 364 964 439 lactis
981 363 1131 412 habet.

107 445 230 509 Quid
254 457 370 493 vetat
391 443 583 493 Arcadio
608 443 751 492 dictos
772 461 797 491 a
820 452 970 490 monte
993 441 1254 508 Lupercos?

170 523 348 571 Faunus
369 522 415 569 in
434 521 622 570 Arcadia
646 518 808 586 templa
830 521 1010 586 Lycaeus
1032 519 1182 567 habet.

108 604 259 667 Nupta
273 638 286 658 ,
311 599 418 666 quid
440 600 699 665 exspectas?
719 616 812 646 non
834 608 883 645 tu
905 595 1181 662 pollentibus
1199 591 1375 651 herbis,

1459 605 1526 651 ⁴25

172 678 264 725 Nec
283 694 411 742 prece
425 713 437 733 ‚
460 693 541 723 nec
563 674 734 738 magico
757 673 946 722 carmine
967 683 1106 720 mater
1128 671 1226 719 eris.

112 754 275 820 Excipe
298 752 492 801 fecundae
515 752 732 819 patienter
754 750 930 798 verbera
954 746 1144 798 dextras:

176 832 274 878 Jam
298 847 423 878 socer
445 829 586 895 optati
609 846 770 876 nomen
786 827 973 875 habebit
993 827 1075 875 avi.

114 909 227 956 Nam
249 906 338 955 fuit
358 905 434 954 illa
456 905 574 963 dies,
601 905 708 954 dura
729 923 866 971 quum
889 916 1007 953 sorte
1032 903 1199 953 maritae

181 983 445 1032 Reddebant
464 983 579 1031 uteri
602 983 790 1049 pignora
811 1001 909 1031 rara
930 983 1012 1031 sui.

1467 993 1533 1038 430

120 1061 243 1124 Quid
266 1060 404 1117 mihi,
429 1059 667 1117 clamabat,
690 1059 872 1125 prodest
891 1057 1089 1126 rapuisse
1111 1058 1330 1107 Sabinas?

185 1137 406 1185 Romulus
422 1157 433 1193 ;
451 1136 537 1184 hoc
560 1135 639 1184 illo
664 1148 835 1202 sceptra
857 1148 1031 1185 tenente
1054 1136 1164 1193 fuit3

123 1213 170 1260 Si
194 1231 289 1260 mea
308 1231 401 1260 non
422 1213 561 1269 vires,
586 1212 662 1260 sed
685 1211 853 1260 bellum
873 1212 1030 1277 injuria
1054 1211 1182 1260 fecit:

188 1287 354 1336 Utilius
376 1289 518 1337 fuerat
539 1307 631 1336 non
651 1288 859 1337 habuisse
881 1307 1034 1336 nurus.

128 1366 286 1413 Monte
310 1365 393 1413 sub
415 1365 646 1431 Esquilio,
670 1364 822 1413 multis
843 1365 1067 1414 incaeduus
1089 1364 1214 1413 annis
1227 1402 1240 1423 ‚
1478 1379 1543 1424 435.

125 1474 190 1508 sita
203 1481 295 1508 sunt.
305 1492 348 1499 —
358 1473 488 1518 Hagno
496 1477 636 1516 premia
645 1500 654 1514 ‚
672 1486 800 1520 nempe

127 1524 220 1570 quod
233 1537 252 1559 a
264 1525 343 1570 lupa
358 1525 433 1559 loco
448 1537 579 1559 nomen
595 1525 758 1559 inditum.

171 1577 244 1619 423.
251 1576 330 1610 Alia
336 1589 436 1611 causa
445 1603 455 1619 ‚
463 1589 573 1621 eaque
582 1577 707 1611 verior.
718 1576 803 1611 Vid.

130 1627 172 1661 ad
184 1640 269 1663 vers.
279 1628 354 1662 381.
363 1627 510 1663 Sensus:
521 1628 619 1673 Quid
627 1635 719 1663 vetat
730 1642 803 1664 cre-

129 1679 212 1715 dere
226 1706 237 1723 ,
264 1680 439 1726 Lupercos
460 1693 592 1715 nomen
614 1694 634 1715 a
658 1682 803 1728 Lycaeo,

130 1739 251 1767 monte
269 1731 427 1767 Arcadiae
439 1758 449 1776 ,
468 1733 634 1778 accepisse
647 1733 663 1767 ’τ’
676 1752 721 1759 -
734 1734 807 1780 ly-

130 1798 236 1827 ceus,
258 1785 287 1820 si
308 1786 412 1820 latine
429 1785 554 1820 reddas
566 1812 576 1829 ,
602 1793 654 1821 est
671 1786 808 1832 Luper-

131 1850 209 1879 cus,
223 1838 346 1884 Lycaea
360 1844 443 1872 sunt
457 1838 668 1883 Lupercalia.
685 1838 809 1883 Virgil.

133 1889 218 1924 AEn.
234 1889 327 1925 VIII
340 1916 350 1933 ‚
367 1891 432 1934 343
445 1918 455 1935 ,
473 1905 491 1920 κ
509 1890 619 1936 gelida
636 1898 809 1925 monstrat

138 1955 155 1970 ›·
172 1941 234 1976 sub
244 1954 330 1989 rupe
340 1942 507 1987 Lupercal
519 1969 529 1986 ,
540 1943 724 1978 Parrhasio
735 1943 811 1978 dic-

138 2009 156 2024 »
174 2001 250 2028 tum
266 1995 381 2029 Panos
391 1994 435 2030 de
444 2008 541 2030 more
550 1996 670 2043 Lycaei.
685 2013 701 2027 ι·
714 1996 810 2032 Con·

135 2045 189 2080 fer
200 2046 329 2081 Justin.
345 2047 466 2082 XLIII
480 2074 490 2090 ,
507 2058 522 2081 1
534 2074 544 2091 ,
560 2062 589 2093 7.
606 2049 701 2083 Male
718 2050 813 2084 Bur-

138 2110 289 2133 mannus
309 2098 366 2133 hie
384 2106 421 2134 et
443 2100 521 2134 alibi
543 2099 652 2135 edidit
672 2102 812 2147 Lyceus.

140 2149 203 2185 Est
219 2163 317 2196 graec.
334 2154 472 2190 Δύκαως.
485 2151 544 2186 Sic
558 2158 593 2185 et
609 2154 671 2201 ὅρος
684 2155 813 2188 qum-

140 2222 183 2229 —
193 2203 359 2237 Heinsius
369 2202 490 2238 suadet
504 2216 567 2248 pro
577 2205 685 2237 dictos
700 2205 815 2249 legere

140 2258 258 2290 ductos
268 2283 277 2295 ‚
290 2255 324 2290 b.
335 2269 364 2290 e.
375 2268 435 2290 eos
443 2256 614 2302 originem
626 2255 763 2290 trahere
774 2269 816 2290 ex

142 2306 300 2342 Arcadia.
313 2308 361 2342 At
373 2320 467 2342 nunc
477 2320 593 2342 sermo
602 2314 652 2341 est
662 2306 704 2341 de
716 2320 817 2341 causa

142 2360 306 2394 nominis.
321 2379 364 2386 —
379 2360 435 2394 De
453 2363 582 2404 templis
597 2360 661 2394 illis
677 2359 754 2394 vide
773 2360 817 2394 ad

143 2425 284 2447 versum
302 2427 376 2458 271.

189 2466 263 2507 425.
280 2464 383 2500 Ritus
396 2465 577 2509 cuiusdam
595 2466 637 2499 ab
653 2464 818 2500 Evandro

146 2527 221 2550 non
243 2516 374 2552 inducti
396 2518 503 2564 origo.
523 2518 672 2563 Luperci
694 2531 821 2563 nempe

146 2575 338 2611 currentes,
347 2569 489 2614 pellibus
495 2571 713 2605 victimarum
723 2570 824 2605 sectis

147 2617 327 2653 caedebant
341 2620 502 2655 mulieres
520 2622 636 2656 obvias
650 2648 659 2663 ,
678 2633 749 2665 quo
763 2620 823 2655 sa·-

149 2668 246 2703 cilius
266 2671 501 2715 conciperent.
525 2671 628 2707 Cous.
647 2671 824 2707 Plutarch.

150 2719 225 2753 Vit.
240 2720 343 2756 Rom.
365 2735 417 2755 ιιι.
432 2740 476 2749 —-
489 2724 600 2768 Mage
618 2737 698 2758 cum
716 2726 826 2758 herbis

152 2773 408 2818 conjungebant
423 2779 574 2810 carmiam
588 2783 690 2822 atque
708 2789 826 2820 preces

865 1473 909 1509 ad
924 1474 1082 1508 Hecaten
1102 1480 1136 1508 et
1155 1473 1346 1508 Tellurem.
1363 1473 1436 1509 VII
1456 1474 1546 1508 Me—

867 1532 950 1560 tam.
970 1527 1031 1572 ¹94
1042 1552 1052 1569 ,
1070 1525 1200 1560 RIedea
1219 1539 1228 1560 :
1244 1540 1262 1555 κ
1279 1526 1406 1571 Tuque
1423 1526 1547 1572 triceps

870 1592 888 1608 »
905 1578 1053 1620 Hecate,
1062 1590 1138 1622 quae
1185 1584 1375 1622 cantusque
1388 1585 1546 1623 artesque

871 1645 889 1660 n
905 1641 1106 1675 magarum,
1126 1629 1288 1675 Quaeque
1307 1642 1424 1676 magas
1435 1657 1445 1674 ,
1462 1631 1549 1665 Tel-

871 1696 891 1712 »
905 1682 958 1716 lus
969 1708 979 1724 ,
995 1683 1205 1727 pollentibus
1225 1683 1368 1717 instruis
1388 1683 1514 1719 herbis.
1528 1697 1547 1712 ι·

872 1735 925 1769 IV
942 1735 1089 1769 Metam.
1104 1737 1165 1782 49,
1179 1735 1262 1770 Nais
1277 1742 1379 1769 cantu
1393 1739 1551 1770 nimium-

871 1801 933 1833 que
942 1791 1134 1831 potentibus
1148 1790 1260 1822 herbis
1277 1788 1423 1832 juvenes
1438 1795 1551 1823 mutat

872 1840 909 1874 in
926 1840 1043 1885 pisces.
1058 1839 1148 1874 Vide
1165 1847 1201 1874 et
1215 1847 1288 1875 not.
1301 1840 1343 1874 ad
1358 1841 1390 1874 X
1404 1867 1414 1883 ,
1430 1842 1551 1888 397.—

872 1894 955 1926 Jam
970 1906 1066 1927 socer
1079 1899 1143 1927 etc.
1159 1893 1231 1938 jam
1246 1893 1419 1939 concipies
1435 1900 1469 1928 et
1483 1907 1552 1939 pa-

874 1946 951 1979 ries.
965 1943 1070 1979 Cous.
1083 1957 1169 1979 vers.
1183 1945 1438 1989 448.—Oplali‚
1455 1945 1551 1990 quod

875 1995 1043 2031 Heinsius
1061 2008 1103 2030 ex
1119 1995 1249 2030 Mazar.
1271 1996 1422 2041 recepit,
1445 1995 1554 2041 magis

875 2048 1051 2093 poeticum
1063 2074 1073 2090 ,
1098 2059 1205 2093 quam
1230 2047 1370 2093 vulgare
1395 2054 1552 2092 optatum.

878 2099 1060 2134 simillima
1075 2099 1223 2134 varietas
1238 2112 1325 2134 vers.
1341 2101 1406 2143 420
1421 2106 1457 2134 et
1468 2100 1531 2146 497
1541 2110 1567 2142 ,‘

878 2152 939 2186 ubi
955 2151 1033 2186 vide
1054 2159 1126 2187 not.

929 2205 1005 2251 4²9·
1028 2204 1093 2238 Illo
1118 2211 1277 2249 tempore
1308 2211 1380 2239 tam
1404 2203 1556 2249 maligna

879 2262 953 2289 erat
968 2262 1159 2300 nuptarum
1170 2263 1313 2298 natura,
1325 2263 1365 2290 ut
1377 2268 1457 2290 raro
1470 2255 1558 2290 libe-

878 2319 936 2340 ros
958 2307 1189 2341 eniterentur.
1205 2308 1415 2342 Sabinarum
1438 2308 1574 2352 raptus*

878 2371 968 2403 saepe
981 2359 1113 2402 insunt:
1135 2359 1282 2393 nomine
1302 2366 1456 2394 notatur.
1480 2359 1557 2393 Liv.

882 2412 918 2453 1,
938 2411 975 2444 13
994 2423 1002 2444 :
1017 2426 1034 2440 ι
1048 2411 1186 2446 Sabinae
1201 2411 1364 2446 mulieres
1376 2437 1386 2454 ‚
1404 2423 1555 2456 quarum

884 2480 902 2495 ι»
915 2479 956 2500 ex
969 2465 1098 2509 injuria
1108 2465 1239 2499 bellum
1253 2472 1383 2499 ortum.
1398 2480 1415 2494 ιι
1429 2483 1472 2490 -
1488 2467 1558 2500 Vi-

886 2530 937 2552 res
947 2545 955 2552 .
975 2515 1240 2551 multitudinem
1251 2516 1555 2561 civium÷Nvus‚

888 2567 1177 2602 mulieres—Sex
1193 2567 1290 2602 MSS
1301 2574 1337 2602 et
1347 2581 1399 2613 pr.
1414 2567 1480 2603 Ed.
1495 2580 1563 2602 non

886 2624 1048 2664 rapuisse,
1056 2619 1150 2665 quod
1160 2619 1253 2654 Dan.
1264 2620 1386 2655 Heins.
1397 2620 1562 2666 placebat.

931 2673 1006 2716 435.
1029 2673 1143 2707 Lucus
1158 2673 1305 2706 lunonis
1318 2671 1460 2707 Lucina
1475 2685 1560 2707 ine-—

888 2730 1047 2758 moratur
1062 2730 1098 2758 et
1113 2736 1134 2758 a
1146 2724 1308 2758 Varrone
1321 2723 1364 2758 de
1383 2724 1422 2757 L.
1438 2724 1477 2758 L.
1494 2723 1527 2757 d.
1544 2723 1566 2756 Ι.

888 2795 933 2803 -
946 2777 1147 2818 Incedunt,-
1166 2776 1278 2824 sylvas
1305 2789 1416 2812 sacras
1443 2777 1567 2811 cedere
