1826 3054
479 278 884 326 FASTORUM
923 280 1059 325 LIB.
1103 281 1177 325 11.

1458 298 1541 342 117

131 376 332 425 Forsitan
354 387 398 425 et
421 394 609 442 quaeras,
633 395 712 424 cur
734 374 792 424 sit
814 374 941 426 locus
959 373 1033 423 ille
1052 372 1295 442 lupercal3

197 455 359 517 Quaeve
383 452 499 500 diem
529 452 603 500 tali
626 453 805 501 nomine
830 470 958 501 causa
979 462 1116 500 notet.

131 528 212 577 Ilia
234 528 424 578 Vestalis
447 528 630 578 caelestia
653 529 816 578 semina
837 541 967 596 partu
1015 538 1021 541 χ

198 606 430 662 Ediderat‚
454 619 615 672 patruo
638 625 774 670 regna
793 618 965 655 tenente
990 625 1085 656 suo.

133 686 178 732 Is
194 684 321 749 jubet
339 683 500 731 auferri
523 702 709 750 pueros,
736 696 778 732 et
799 684 847 732 in
871 702 994 733 amne
1014 683 1172 733 necari.

1483 695 1548 731 385

197 761 322 825 Quid
346 760 452 809 sacis
470 762 489 809 Ρ
509 780 562 809 ex
584 762 682 810 istis
705 761 924 810 Romulus
944 761 1054 810 alter
1075 762 1171 810 erit.

131 838 160 885 J
163 856 262 886 ussa
277 849 525 886 recusantes
550 850 769 904 peragunt
789 837 1029 904 lacrymosa
1049 836 1268 893 ministri;

195 913 325 962 Flent
349 925 519 971 tamen,
543 926 588 963 et
610 914 806 978 geminos
828 915 874 962 in
894 913 989 962 loca
1008 915 1129 979 jussa
1150 913 1311 961 ferunt.

132 990 323 1048 Albula,
349 1010 478 1057 quem
496 992 655 1039 Tibrin
677 1011 847 1040 mersus
865 992 1106 1039 Tiberinus
1129 991 1177 1038 in
1197 989 1317 1038 unda

199 1068 431 1126 Reddidit,
456 1069 656 1116 hibernis
676 1068 792 1116 sorte
814 1068 1011 1116 tumebat
1032 1067 1171 1133 aquis.

135 1184 229 1219 erat,
249 1190 312 1211 cur
336 1177 501 1212 Heinsius
527 1177 716 1222 conjiceret
734 1181 810 1222 quis

134 1230 214 1262 bene
228 1232 338 1262 cessit.
350 1227 448 1263 Olim
459 1228 557 1263 edeb.
572 1233 632 1273 qai
642 1231 724 1262 bene
729 1241 809 1273 ges-

136 1282 190 1313 sit.
208 1279 278 1313 Alii
290 1306 299 1322 ,
316 1283 405 1324 quod
415 1284 496 1314 bene
508 1284 625 1324 gessit.

178 1330 252 1365 381.
263 1330 318 1365 De
327 1331 459 1377 origine
470 1343 543 1366 voc.
554 1333 728 1375 Lupemal.
738 1331 809 1367 Hic

135 1394 243 1426 usque
268 1381 311 1417 ad
331 1395 416 1419 vers.
434 1384 496 1425 4²²
510 1408 520 1426 ‚
546 1389 688 1426 narrat,
711 1395 809 1428 quo-

136 1434 243 1469 modo
265 1435 436 1470 Romulus
457 1448 537 1470 curn
558 1435 664 1470 fratre
683 1443 806 1478 natus,

135 1489 327 1534 expositus,
349 1496 501 1523 servatus
520 1496 624 1534 atque
643 1489 808 1524 educatus

134 1535 177 1573 sit
201 1551 303 1584 :quae
325 1546 534 1584 repetuntur
557 1540 613 1576 Ill
630 1567 641 1584 ,
673 1542 808 1584 11-54.

134 1588 337 1625 Secundum
346 1591 492 1639 Dionys.
507 1591 542 1635 I,
557 1592 617 1636 32,
630 1591 807 1635 Evander,

134 1640 224 1676 Pani
235 1641 359 1690 Lyceo
369 1656 463 1679 sacra
478 1644 514 1678 in
528 1644 626 1678 Italia
635 1642 789 1678 facturus
797 1669 807 1686 ,

131 1692 247 1730 locum
262 1697 393 1742 reperit
410 1697 577 1732 idoneum
590 1724 600 1740 ,
622 1710 729 1742 quem
744 1714 809 1732 κα·-

134 1752 217 1784 λοῦσι
229 1755 371 1793 Pupam
384 1752 607 1800 λουιεράλιεν,
630 1754 715 1795 ἧμεῖς
733 1748 764 1785 a*
772 1751 809 1783 ἄν

133 1803 267 1845 efretum
283 1807 411 1838 λυκαῖαν.
429 1803 515 1837 Haec
536 1803 607 1837 duo
627 1804 723 1837 enim
739 1814 809 1837 eo-

134 1849 214 1885 dem
230 1852 391 1889 redeunt.
415 1854 622 1889 Plutarchus
641 1880 651 1897 ,
674 1855 809 1899 Quaest.

135 1902 240 1938 Rom.
257 1917 333 1951 pag.
364 1906 436 1940 131.
461 1906 577 1940 Reisk.
598 1909 695 1944 Λύκος
716 1911 773 1951 μὲν
796 1908 811 1941 ὃ

134 1958 237 1994 >sbrie
259 1958 322 1991 ἔστι
335 1982 345 1999 ,
366 1963 420 1992 καὶ
433 1961 554 1992 Λύκαια
575 1960 614 1993 τὰ
636 1959 808 2008 Λουπερκά-

136 2011 197 2041 λια.
228 2008 356 2043 Noster
386 2009 492 2054 igitur
522 2017 654 2044 temere
678 2011 720 2044 ab
743 2011 810 2045 hoc

134 2058 280 2093 nomine
297 2061 513 2095 occasionem
528 2062 617 2106 capit
631 2087 642 2104 ,
666 2061 811 2109 Romuli

134 2110 319 2157 fratrisque
345 2113 562 2147 nativitatem
584 2121 619 2148 et
641 2114 811 2159 reliquam

136 2168 267 2196 sortem
295 2163 472 2197 narrandi.
502 2163 671 2208 Sequitur
693 2170 811 2198 autem

135 2214 313 2259 vulgarem
336 2215 560 2249 traditionem
574 2242 584 2258 ,
610 2227 715 2260 quam
739 2215 814 2260 pri·

136 2277 214 2300 mus
233 2266 372 2301 Diocles
392 2267 608 2312 Peparethus
633 2267 788 2302 ediderat
801 2294 812 2311 ,

137 2329 310 2363 quamque
333 2318 416 2353 inde
440 2318 488 2364 Q.
517 2319 643 2354 Fabius
672 2317 811 2363 Pictor,

140 2368 305 2413 Cincius,
326 2371 474 2406 Porcius
497 2370 588 2406 Cato
603 2378 639 2406 et
658 2371 713 2405 alii
736 2383 814 2405 am-

136 2420 225 2465 plexi
240 2429 351 2458 erant.
364 2422 540 2457 Plutarch.
555 2423 708 2463 Rom.3;
723 2422 815 2456 Dio—

136 2485 212 2519 nys.
228 2472 264 2516 1,
280 2475 466 2520 79—Pro
482 2477 551 2509 Ilia
561 2475 665 2521 vulgo
680 2476 787 2509 Silvia
797 2503 806 2515 ‚

136 2536 234 2569 aeque
250 2533 354 2561 reete.
367 2527 544 2562 Plutarch.
557 2527 590 2563 d.
607 2528 629 2562 l.
645 2530 768 2566 Τάυτην
785 2533 818 2564 οἳ

137 2580 192 2619 μευ
212 2571 318 2621 iun,
338 2582 367 2614 ,ε
390 2583 422 2613 σε
446 2573 542 2623 1³50,
570 2584 600 2616 σε
624 2584 657 2614 δε
677 2585 816 2615 mm„

141 2628 330 2670 δνομάζονσι.
349 2629 449 2675 Saepe
471 2632 569 2665 Rhea
590 2633 697 2666 Silvia
720 2644 815 2666 con-

138 2679 289 2722 junctim
321 2679 456 2725 legitur.
482 2682 554 2717 Sed
582 2683 748 2718 Heinsius
774 2697 816 2719 ex

140 2730 241 2765 Voss.
258 2738 293 2765 et
306 2744 363 2766 sex
379 2733 450 2768 aliis
465 2735 535 2768 Ilia
546 2735 697 2781 praetulit
708 2761 718 2779 ,
735 2736 815 2782 quia

143 2790 252 2828 poeta
266 2796 344 2819 eam
359 2785 406 2820 sic
423 2787 591 2832 appellare
606 2795 735 2823 amant.

1483 1078 1550 1123 390

917 1178 991 1212 385.
1018 1179 1145 1212 Puems
1171 1189 1191 1210 e
1219 1174 1424 1221 quibusdam
1452 1173 1551 1208 MSS

872 1230 944 1276 jam
953 1230 1148 1276 Naugerius
1158 1229 1302 1264 notavit.
1316 1228 1442 1273 Quum
1454 1227 1550 1261 idem

872 1295 947 1317 voc.
956 1282 993 1316 in
1001 1288 1150 1327 quatuor
1157 1280 1294 1315 Heinsii
1301 1280 1377 1314 cod.
1387 1285 1548 1320 exstaret,

872 1341 1054 1379 receptum
1067 1341 1118 1368 est
1135 1346 1154 1367 a
1170 1333 1293 1367 Burm.
1307 1332 1366 1376 qui
1378 1331 1551 1373 observat,

867 1397 993 1429 parvos
1003 1383 1105 1430 (quae
1114 1391 1166 1419 est
1176 1383 1282 1418 altera
1295 1380 1422 1426 lectio)
1434 1392 1552 1416 recen-

874 1436 979 1471 tiores
993 1443 1031 1471 ut
1043 1436 1256 1471 substantivo
1266 1447 1330 1481 pro
1345 1435 1461 1480 pueris
1475 1446 1553 1468 usos

872 1501 944 1523 esse
954 1514 965 1531 ,
983 1495 1116 1523 veteres
1127 1495 1165 1522 ut
1176 1488 1346 1532 adjectivo
1357 1513 1367 1530 ,
1385 1486 1551 1531 adjuncto

872 1541 1017 1575 nomine
1032 1541 1109 1575 alio.
1120 1540 1312 1575 Mitschert.
1328 1547 1447 1574 tamen
1464 1541 1552 1573 reti-

873 1594 950 1627 nuit
966 1607 1099 1636 parvos.
1115 1611 1159 1619 —
1174 1594 1318 1627 Romuli
1336 1604 1468 1626 nomen
1493 1590 1551 1625 hie

872 1658 953 1680 cum
966 1646 1118 1691 emphasi
1131 1645 1281 1691 positum
1291 1672 1301 1689 ‚
1318 1644 1480 1680 conditor
1493 1643 1550 1678 ille

872 1698 1014 1745 maximi
1022 1698 1215 1732 secundum
1224 1698 1386 1732 Deorum
1396 1710 1478 1743 opes
1489 1697 1551 1730 im-

872 1751 970 1796 perii.
980 1753 1238 1785 —Becusantes
1252 1752 1375 1785 Burm.
1390 1750 1428 1784 in
1441 1753 1552 1784 reluc-

871 1809 981 1837 tantes
997 1811 1056 1838 aut
1073 1810 1289 1847 repugnantes
1304 1802 1433 1837 mutari
1453 1801 1526 1836 vult
1539 1826 1549 1844 ‚

873 1858 953 1902 quia
977 1857 1023 1892 illi
1052 1870 1223 1892 recusasse
1249 1864 1366 1907 aperte
1390 1869 1464 1890 non
1490 1856 1551 1890 vi·-

873 1909 1031 1944 deantur.
1049 1909 1096 1944 At
1110 1915 1301 1944 recusantes
1314 1915 1458 1954 possunt
1477 1915 1552 1942 ter-

873 1961 1101 2007 giversantes,
1114 1961 1212 1995 inviti
1225 1960 1551 2006 intelligi—lacry-

872 2026 985 2053 mosa,
1006 2021 1046 2047 ut
1070 2012 1161 2058 apud
1181 2012 1304 2047 Horat.
1329 2014 1549 2058 lacrymosum

872 2066 1004 2098 bellum.
1012 2083 1056 2089 —
1065 2065 1114 2098 Et
1121 2067 1280 2107 geminos.
1291 2062 1459 2098 Heinsius
1472 2075 1550 2097 sua-

874 2114 934 2150 det
946 2142 956 2158 ,
973 2122 1014 2149 u!
1022 2119 1181 2159 geminos.

917 2168 993 2214 389.
1003 2168 1124 2210 Liv.1,
1135 2169 1172 2202 3:
1186 2182 1203 2196 κ
1215 2167 1403 2203 Tiberinus
1413 2193 1423 2210 ,
1438 2166 1549 2212 quiin

876 2232 898 2249 1·
910 2219 1055 2263 trajectu
1068 2219 1201 2254 Albulae
1212 2219 1324 2253 amnis
1333 2219 1549 2262 submersus,

877 2286 896 2302 ι·
911 2271 1046 2306 celebre
1069 2271 1115 2306 ad
1136 2279 1292 2317 posteros
1314 2285 1445 2306 nomen
1472 2271 1549 2305 flu-

878 2338 896 2354 »
912 2323 998 2358 mini
1015 2323 1122 2358 dedit.
1136 2339 1154 2354 ιο
1166 2342 1210 2350 -
1226 2324 1279 2358 Ex
1293 2326 1440 2358 bibemis
1454 2326 1550 2368 aquis

876 2374 985 2419 Neap.
1000 2373 1161 2419 conjicit,
1178 2387 1306 2420 pueros
1320 2374 1395 2408 illos
1409 2372 1550 2407 hiemali

875 2433 1034 2471 tempore
1050 2426 1088 2460 in
1103 2425 1216 2460 lucem
1231 2439 1303 2461 esse
1319 2425 1440 2461 editos.
1450 2424 1551 2460 Con-

875 2478 932 2513 fer
941 2478 983 2513 ad
996 2491 1084 2513 vers.
1098 2478 1171 2512 206.
1178 2478 1317 2513 Verum
1325 2480 1481 2512 hibernas
1489 2484 1551 2514 aut

875 2531 1035 2563 hiemales
1046 2541 1151 2574 aquas
1165 2535 1277 2574 poetae
1291 2528 1397 2563 etiam
1412 2540 1552 2563 memo-

877 2587 975 2623 rant,
993 2593 1101 2625 quum
1120 2580 1272 2626 copiosas
1288 2588 1324 2615 et
1339 2579 1474 2626 rapida
1487 2580 1550 2616 di·-

876 2646 955 2667 cere
965 2633 1096 2667 volunt.
1103 2631 1195 2667 Vide
1204 2632 1246 2667 ad
1258 2633 1311 2668 IX
1318 2632 1463 2668 Metam.
1477 2636 1549 2668 10⁵.

877 2683 1023 2731 Dionys.
1037 2697 1078 2718 ex
1093 2683 1143 2729 Q.
1151 2683 1259 2719 Fabio
1269 2684 1406 2721 Pictore
1418 2691 1552 2728 narrat,

879 2737 1037 2772 Tiberim
1047 2737 1138 2783 ripas
1148 2750 1220 2773 esse
1232 2749 1407 2783 egressum
1419 2739 1473 2772 ὑπὸ
1479 2743 1554 2772 Χει-

880 2791 989 2834 μόνων
1003 2795 1135 2834 τνιεχῶυ
1145 2815 1156 2834 ‚
1168 2802 1189 2825 a
1197 2789 1458 2835 tempestatibus
1470 2800 1559 2824 con·
