1826 3054
228 204 254 246 8
706 195 1151 244 PROOEMIUM.

224 307 365 362 etyma
382 293 698 343 vocabulorum
715 294 963 361 pertinent,
981 291 1240 355 genealogia!
1257 290 1477 347 Dardani,
1497 290 1639 341 Pleia-

229 376 332 425 dum
357 375 641 433 nominibus,
663 374 863 438 catalogo
886 375 1138 423 Graecorum
1153 411 1166 430 ,
1190 374 1267 441 qui
1289 374 1333 422 in
1357 373 1524 423 ltaliam
1546 393 1641 441 per-

226 470 463 516 venerunt,
492 457 659 525 aliquid
693 469 834 506 tamen
858 457 1007 520 gratia:
1033 455 1206 505 addidit
1226 493 1238 513 ,
1273 469 1325 506 ut
1351 455 1540 504 libenter
1567 476 1640 505 co-

227 552 509 605 gnoscantur.
530 540 625 589 Illis
643 538 781 590 multa
795 540 1084 607 interposuit,
1105 558 1201 606 quae
1214 538 1422 588 lectorem
1443 540 1640 606 impense

223 635 402 681 tenent,
434 625 546 673 veris
571 624 934 690 descriptionem,
958 621 1108 671 laudes
1141 621 1388 689 primorum
1424 624 1641 670 Astrono·

226 725 426 763 morum,
452 705 598 755 locum
625 706 850 770 egregium
874 706 927 754 de
956 705 1141 754 Veneris
1172 705 1394 772 potentia,
1422 704 1609 771 hymnos
1628 742 1640 763 ,

225 806 376 856 preces
399 788 456 837 ad
475 790 676 838 Cererem
697 800 741 838 et
761 789 940 837 Terram
958 825 970 845 ‚
995 788 1050 836 ad
1076 786 1210 837 Palen
1228 825 1241 846 ,
1263 787 1317 836 ad
1342 787 1612 850 Robiginem
1628 825 1641 846 ,

226 882 272 920 et
292 881 581 919 mercatorum
603 870 659 919 ad
681 870 952 919 Mercurium
970 907 982 928 ‚
1016 870 1269 919 notationes
1290 888 1463 918 morum
1488 869 1646 937 priscis

226 963 273 1000 et
294 952 614 1001 recentioribus
638 951 910 1019 temporibus
927 990 940 1009 ,
977 952 1169 1015 Augusti
1194 951 1343 1001 laudes
1365 963 1410 1000 et
1429 970 1528 1000 cum
1553 954 1647 1001 Ro-

227 1032 350 1082 mulo
374 1034 758 1100 comparationem.
793 1033 959 1082 Sedulo
990 1032 1233 1083 elaboravit
1252 1070 1265 1090 ‚
1304 1045 1356 1082 ut
1378 1034 1512 1082 rebus
1532 1046 1648 1083 trac-

229 1114 375 1164 tandis
397 1115 557 1164 variam
584 1114 769 1164 sormam
792 1115 915 1164 daret
930 1152 943 1173 ,
981 1127 1032 1164 ut
1051 1114 1493 1182 plurimaanimaret,
1515 1127 1647 1182 atque

225 1196 436 1246 doctrinae
458 1216 547 1247 suae
569 1197 712 1264 copiis
728 1209 971 1247 exornaret.
993 1198 1058 1246 Ac
1073 1197 1323 1246 varietatem
1337 1196 1514 1264 quidem
1529 1196 1647 1246 haud

228 1279 322 1328 scio
337 1298 401 1328 an
423 1279 470 1328 in
491 1278 678 1329 vinculis
697 1297 875 1346 quoque
896 1278 1123 1327 admireris
1142 1316 1155 1335 ,
1190 1279 1355 1345 quibus
1371 1278 1649 1341 singulorum

228 1360 398 1410 dierum
420 1361 575 1410 seriem
598 1360 833 1410 connectit.
863 1362 1029 1410 Rerum
1054 1360 1190 1423 igitur
1218 1361 1546 1409 innumerarum
1572 1379 1649 1409 co-

226 1443 344 1509 piam
359 1462 504 1510 ,quas
522 1461 653 1492 nosse
676 1455 720 1491 et
742 1443 1049 1492 Romanorum
1071 1441 1177 1491 olim
1201 1443 1432 1499 intererat,
1451 1454 1496 1491 et
1518 1434 1650 1491 hodie
1678 1442 1680 1444 ’

230 1537 383 1574 nostra
406 1525 612 1583 interest,
636 1525 868 1592 perspicue
901 1537 1034 1592 atque
1066 1524 1258 1589 jucunde
1286 1523 1472 1582 retulit,
1507 1543 1650 1591 neque

229 1607 423 1670 neglexit
453 1609 707 1670 Augustum
724 1643 737 1664 ,
780 1625 1043 1673 omnemque
1081 1607 1263 1655 domum
1302 1606 1542 1655 Caesaream
1579 1607 1651 1673 pie

230 1692 439 1742 venerari.

294 1776 347 1822 In
373 1773 459 1823 hoc
482 1773 671 1822 carmine
707 1772 1016 1839 componendo
1041 1772 1197 1839 Elegos
1217 1771 1453 1828 adhibuit,
1488 1771 1651 1837 quibus

226 1867 357 1904 antea
375 1855 421 1904 iu
439 1854 667 1904 amoribus
687 1854 897 1903 canendis
918 1873 1025 1902 usus
1046 1865 1151 1903 erat.
1171 1852 1562 1917 Quamaudaciam
1578 1872 1652 1901 ex·

231 1948 380 1995 cusat,
406 1936 484 1985 lib.
506 1938 550 1987 u
570 1935 693 1993 init..
709 1948 752 1985 et
765 1934 908 1985 multo
921 1935 1084 1998 magis,
1103 1953 1213 1983 vers.
1242 1934 1345 1992 125,
1366 1934 1446 1983 ubi
1462 1935 1652 1983 honores

232 2018 429 2082 Augusti
457 2017 671 2075 celebrat,
694 2035 877 2084 eamque
901 2017 1044 2080 tangit
1067 2017 1198 2066 etiam
1228 2017 1292 2064 Vl
1307 2054 1320 2072 ,
1358 2032 1434 2063 21.
1457 2018 1531 2064 An
1553 2015 1653 2066 Cal-

233 2100 452 2150 limachus
481 2102 526 2149 in
557 2100 700 2150 causis
719 2100 814 2150 suis
847 2100 1000 2148 eodem
1022 2099 1227 2148 carminis
1256 2117 1415 2162 genere
1435 2117 1544 2148 usus
1564 2100 1650 2156 sit,

234 2182 280 2231 in
301 2202 355 2232 eo
376 2183 457 2232 viri
481 2182 600 2231 docti
621 2201 712 2231 non
735 2181 1015 2232 consentiunt
1037 2200 1048 2237 ;
1090 2179 1309 2229 affirmant
1340 2180 1455 2229 enim
1488 2178 1653 2229 Salma-

234 2265 329 2314 sius
350 2264 406 2314 ad
427 2263 567 2314 Solin.
594 2283 637 2331 p.
671 2263 760 2312 601
788 2301 801 2321 ‚
841 2274 884 2312 et
904 2262 1267 2312 Hemsterhusius
1289 2262 1335 2310 in
1357 2261 1441 2311 Ed.
1463 2263 1569 2310 Ern.
1599 2262 1654 2311 ad

234 2346 392 2410 fragm.
422 2363 480 2413 19
497 2384 510 2404 ,
543 2365 656 2413 quos
674 2346 864 2396 Lenzius
887 2333 1119 2413 sequitnr3
1153 2355 1318 2407 negant
1336 2343 1653 2394 Valckenarius

234 2428 289 2476 ad
311 2427 567 2478 Callimachi
582 2428 736 2491 fragm.
752 2447 796 2495 p.
826 2445 902 2487 10,
921 2439 966 2476 et
981 2426 1170 2477 Ernesti.
1187 2428 1254 2475 Ac
1273 2426 1463 2475 Lenzius
1476 2426 1653 2493 quidem

234 2509 366 2558 etiam
388 2509 592 2559 observat
611 2546 624 2567 ‚
660 2509 940 2577 Propertium
959 2527 1139 2576 quoque
1156 2507 1346 2558 carmina
1366 2508 1565 2574 quadam
1585 2527 1654 2557 ar·

235 2592 432 2654 gumenti
452 2592 652 2642 historici
671 2592 807 2656 elegis
825 2592 1124 2642 concinnasse.

298 2672 672 2737 Quum-Ovidius
700 2674 784 2724 hos
812 2692 889 2725 sex
917 2675 1150 2724 Fastorum
1177 2672 1318 2723 libros
1343 2674 1549 2737 Augusto
1583 2691 1652 2722 sa·
