1826 3054
257 277 348 334 464
782 276 1165 323 Excunsus

254 373 440 423 sormam
456 371 503 421 in
520 370 647 421 fastis
669 389 783 438 saepe
809 382 909 420 ante
932 370 1085 421 oculos
1102 371 1236 421 fuisse
1258 382 1302 420 et
1319 369 1608 421 Valkenarius
1628 372 1683 421 ad

256 454 515 507 Callimachi
548 453 782 518 elegiarum
812 454 1056 517 fragmenta
1075 493 1087 512 ‚
1122 474 1222 522 pag.
1264 473 1344 513 10,
1376 467 1419 503 et
1448 455 1614 504 Jacobs
1639 457 1684 504 in

252 536 724 588 Animadversionibus
745 535 802 585 ad
825 535 1009 586 Anthol.
1033 556 1100 600 gr.
1122 536 1207 585 vol.
1223 538 1315 595 111,
1337 558 1380 605 p.
1408 550 1470 595 11,
1497 558 1540 604 p.
1566 538 1652 585 182
1668 576 1680 593 ,

252 621 443 689 amplexi
465 631 572 670 sunt
593 639 604 668 :
630 619 712 668 etsi
734 618 883 686 prior,
909 638 1011 686 pag.
1038 620 1069 667 8
1087 657 1099 677 ,
1127 638 1219 668 non
1251 620 1440 683 elegiaco
1456 658 1469 677 ‚
1504 620 1579 668 sed
1606 621 1682 669 he-

253 706 377 755 roico
399 717 541 754 metro
566 704 877 754 concinnatum
898 703 1032 753 fuisse
1054 703 1172 753 velit.
1207 704 1308 753 Hoc
1332 723 1505 753 carmen
1521 742 1531 762 ,
1559 705 1683 769 cujus

253 789 496 853 fragmenta
516 799 690 837 exstant
710 788 756 836 in
782 787 849 836 ed.
869 787 1085 846 Ernestii,
1112 789 1415 836 Romanorum
1439 787 1567 836 etiam
1592 808 1682 835 ma-

253 872 388 921 nibus
404 872 658 939 frequenter
677 870 829 920 tritum
845 889 961 929 esse,
985 870 1199 920 Varronis
1212 907 1224 928 ‚
1248 870 1388 919 Servii
1407 869 1682 937 aliorumque

254 955 386 1005 citata
403 955 588 1013 docent,
606 965 650 1003 et
672 954 820 1021 ipsum
836 953 1072 1012 Ovidium,
1093 953 1229 1002 Trist.
1252 954 1307 1011 V,
1331 965 1378 1010 v,
1401 952 1462 1000 33
1477 991 1488 1011 ‚
1513 953 1558 1000 in
1579 972 1683 1019 pro-

252 1038 390 1102 digii,
422 1038 545 1105 quod
568 1038 615 1086 in
638 1036 832 1088 Eteoclis
856 1050 899 1087 et
920 1037 1143 1105 Polynicis
1174 1037 1308 1086 sacris
1331 1035 1467 1085 fiebat
1486 1074 1498 1095 ‚
1536 1055 1684 1084 narra-

254 1123 376 1172 tione
398 1123 491 1173 haec
514 1128 616 1172 αἴτια
634 1122 879 1189 respexisse
896 1122 1107 1188 judicavit
1131 1121 1442 1170 Ruhnkenius.

418 1247 500 1283 Hoc
526 1246 729 1292 (memini)
749 1245 929 1292 quondam
949 1244 1025 1280 fieri
1043 1257 1116 1280 non
1135 1256 1233 1291 posse
1250 1242 1419 1290 loquebar
1433 1269 1442 1284 ,

476 1310 524 1346 Et
540 1323 598 1346 me
616 1308 794 1345 Battiades
814 1308 928 1354 judice
945 1308 1051 1344 falsus
1069 1314 1155 1344 erat.

319 1409 604 1478 Epigramma
617 1408 905 1472 Anthologiae
928 1407 1043 1472 (vid.
1068 1406 1214 1455 Bentl.
1241 1406 1296 1455 ad
1321 1406 1577 1455 Callimach.
1599 1406 1682 1454 sra-

252 1503 428 1557 gmenta
449 1529 461 1550 ‚
492 1509 593 1559 pag.
622 1489 745 1553 416,
779 1489 847 1538 ed.
883 1490 1097 1554 Ernest.)
1124 1501 1264 1538 totum
1301 1507 1473 1537 carmen
1508 1489 1682 1536 somnio

251 1575 469 1625 contineri
492 1574 710 1633 canit‚·in
734 1593 825 1641 quo
844 1572 1139 1622 Callimachus
1161 1572 1207 1620 in
1231 1571 1490 1621 Heliconem
1514 1570 1684 1619 delatus

252 1678 278 1708 a
297 1658 444 1709 Musis
468 1657 579 1725 ipsis
599 1656 653 1705 de
671 1655 808 1706 rebus
829 1656 1053 1723 antiquis,
1076 1655 1326 1722 priscorum
1344 1655 1575 1703 hominum
1598 1654 1685 1702 vita

252 1755 297 1792 et
314 1742 515 1792 moribus
542 1753 623 1792 etc.
650 1759 850 1809 quaerens
873 1759 972 1807 quae
995 1738 1197 1796 volebat,
1223 1738 1405 1788 edoctus
1429 1738 1499 1786 sit.
1526 1736 1681 1785 Ultimi

250 1844 405 1877 versus
421 1864 434 1886 ‚

446 1946 488 1984 Al
514 1944 552 1982 δι’
586 1945 618 1982 οἱ
646 1945 835 1996 εἰρομένῳ,
864 1935 943 1993 ἀμφ’
976 1937 1152 1993 Ὠγυφίων
1175 1934 1300 1992 filatim»

528 2014 629 2054 Δῖτια
647 2014 706 2053 καὶ
722 2016 884 2067 μακάρων
902 2013 990 2067 ἆρον
1009 2014 1233 2064 ἀμειῧόμεναι
1246 2039 1259 2058 ‚

254 2116 551 2183 conjecturam
575 2113 888 2164 commendant
904 2152 917 2172 ‚
953 2113 1164 2163 Ovidium
1187 2111 1468 2180 potissimum
1498 2110 1543 2158 in
1567 2111 1681 2158 Deo-

256 2219 355 2249 rum
378 2200 701 2267 Musarumque
731 2198 998 2256 ministerio,
1027 2218 1118 2265 quo
1150 2196 1304 2246 eodem
1334 2214 1518 2264 prorsus
1549 2192 1682 2242 modo

256 2282 399 2332 utitur
418 2283 529 2348 (lv,
556 2300 638 2349 ¹9¹
660 2301 671 2339 ;
695 2283 751 2340 V,
780 2298 804 2348 7
828 2300 940 2349 sqq;
967 2282 1053 2337 Vl,
1083 2279 1177 2347 798
1195 2291 1276 2327 etc.
1296 2278 1338 2343 )‚
1366 2275 1683 2326 Callimachum

258 2364 318 2413 ob
352 2363 507 2414 oculos
535 2363 756 2414 habuisse.
781 2365 964 2412 Veteres
996 2363 1108 2411 ritus
1142 2362 1206 2410 ibi
1244 2360 1484 2428 explicatos
1520 2357 1686 2405 habent

257 2447 412 2510 fragm.
439 2447 468 2494 8
494 2459 537 2496 et
558 2465 616 2513 93
644 2459 689 2496 ct
710 2446 901 2496 Lenzius
924 2445 1009 2510 jam
1034 2444 1286 2502 annotavit,
1315 2441 1543 2491 historiam
1571 2439 1687 2505 ilip-

257 2528 455 2596 polytiin
471 2528 643 2579 Callim.
669 2548 770 2579 cum
788 2527 936 2578 eadem
957 2527 1001 2575 in
1025 2524 1190 2576 Ovidio
1205 2563 1218 2583 ‚
1238 2526 1301 2573 vl
1316 2562 1328 2583 ,
1357 2522 1472 2590 730,
1500 2541 1686 2571 consen-

260 2611 365 2669 tire,
391 2623 502 2660 utet
527 2612 572 2660 iu
598 2611 731 2660 rebus
752 2610 903 2675 graecis
923 2629 1021 2658 eum
1045 2608 1264 2658 interdum
1286 2605 1527 2672 respexisse
1550 2604 1685 2651 videri

258 2705 423 2763 posset.
449 2695 656 2744 Attamen
679 2693 820 2757 magis
846 2691 1037 2742 colorem
1053 2731 1065 2751 ,
1099 2691 1338 2747 rationem,
1361 2701 1400 2737 et
1426 2688 1608 2736 sormam
1635 2706 1685 2734 ex

258 2776 346 2826 hoc
369 2777 611 2845 scriptore,
642 2777 867 2828 materiam
899 2776 992 2827 sinc
1023 2774 1162 2826 dubio
1190 2772 1470 2840 potissimum
1493 2790 1544 2820 cx
1566 2768 1681 2817 aliis.
