1826 3054
552 180 961 226 FASTORUM
996 180 1129 223 LIB.
1173 179 1262 223 IV.

1527 178 1608 222 251

200 281 335 329 Venit
355 281 400 327 in
424 276 671 344 exemplum
694 276 818 325 furor
838 275 944 323 hinc
958 311 971 332 ,
994 271 1239 339 mollesque
1259 272 1451 321 ministri

265 357 447 406 Caedunt
469 355 641 421 jactatis
665 353 766 401 vilia
788 351 982 402 membra
1005 350 1156 399 comis.

197 434 380 482 Talibus
401 433 557 481 Aoniae
580 431 768 479 facunda
790 421 898 478 voce
922 429 1123 478 Camenae
1553 440 1617 484 245

263 509 454 558 Reddita
476 507 649 575 quaesiti
670 526 802 556 causa
827 506 993 555 suroris
1013 517 1118 554 erat.

200 587 298 634 Hoc
321 604 526 652 quoque,
553 584 643 632 dux
668 583 842 650 operis,
866 601 1047 632 moneas
1063 619 1075 639 ‚
1100 599 1283 649 precor;
1303 579 1422 628 unde
1444 579 1586 646 petita

264 663 447 711 Venerit
466 683 477 710 :
496 682 552 710 an
576 673 727 710 nostra
752 680 924 728 semper
945 661 994 709 in
1016 659 1127 708 urhe
1150 658 1269 706 fuit?

200 741 453 807 Dindymon
468 779 480 798 ‚
505 753 548 788 et
571 738 765 806 Cybelen
781 777 794 798 ‚
818 751 862 788 et
886 756 1101 788 amoenam
1122 737 1328 786 fontibus
1349 735 1457 784 Iden

265 818 446 884 Semper
460 856 473 876 ‚
497 830 543 866 et
564 816 717 866 Iliacas
739 829 880 865 mater
902 816 1062 864 amavit
1084 834 1206 881 opes.

1556 823 1624 858 25⁰

202 897 355 960 Quum
379 897 559 961 Trojam
582 897 745 944 AEneas
766 894 903 943 Italos
922 905 1119 960 portaret
1140 893 1188 941 in
1211 911 1365 956 agros,

265 976 349 1021 Est
369 974 464 1021 Dea
489 972 715 1022 sacriferas
734 991 859 1038 paene
883 984 1032 1020 secuta
1053 983 1183 1019 rates.

204 1050 293 1097 Sed
315 1049 513 1097 nondum
536 1049 639 1097 satis
658 1049 788 1097 Latio
812 1067 890 1096 sua
911 1049 1093 1096 numina
1112 1047 1240 1114 posci

269 1127 493 1182 Senserat;
516 1126 711 1175 adsuetis
733 1126 1078 1192 substiteratque
1101 1124 1226 1172 locis.

205 1204 338 1261 Post,
360 1215 411 1251 ut
431 1205 577 1252 Roma
595 1214 758 1269 potens
781 1203 948 1269 opibus
969 1203 1058 1268 jam
1079 1201 1235 1251 saecula
1259 1201 1456 1269 quinque
1562 1215 1626 1248 255

203 1347 238 1374 to
244 1344 316 1375 vim
323 1367 332 1381 ‚
342 1339 435 1385 quod
447 1347 541 1375 recte
551 1341 743 1376 refutatum
752 1354 771 1375 a
781 1341 878 1376 Bur-

201 1405 344 1427 manno.
355 1393 640 1428 Hermesianacte
655 1401 794 1428 auctore
806 1420 816 1436 ,
828 1394 876 1439 ip-

200 1457 236 1479 sa
251 1451 364 1479 mater
380 1444 480 1479 Attin
497 1444 610 1479 filium
626 1445 677 1480 sic
692 1446 876 1481 mutilavit.

202 1495 305 1542 Apud
323 1497 523 1531 Arnobium
541 1498 613 1542 ipse
632 1498 695 1532 sub
711 1498 796 1543 pinu
815 1511 879 1543 ge-

201 1548 320 1583 nitalia
327 1549 390 1584 sihi
397 1548 546 1591 desecat
555 1550 878 1585 bincMaterDefim

201 1601 238 1635 in
252 1600 413 1635 solatium
420 1602 580 1636 moeroris
592 1602 644 1636 sui
656 1603 780 1647 pinum
790 1614 878 1636 con-

202 1661 322 1688 secrat.
597 1659 600 1662 '

247 1708 320 1749 243.
335 1710 520 1742 Veniuntin
531 1710 715 1752 exemplum
725 1735 733 1746 ‚
748 1719 825 1752 quae
835 1707 877 1741 ab

202 1758 273 1794 aliis
288 1759 483 1795 imitatione
499 1761 755 1805 exprimuntur.
768 1760 878 1794 Hein-

200 1813 270 1846 sius
279 1813 353 1846 sine
363 1825 463 1847 causa
474 1813 624 1847 malebat
635 1840 644 1857 ‚
656 1818 719 1848 ἰοιῚ
724 1817 761 1846 in
767 1826 879 1847 exem-

195 1867 299 1908 plum.
318 1863 428 1907 Alibi,
443 1868 490 1899 ire
496 1878 559 1908 per
570 1869 723 1909 exempla
747 1873 807 1900 aut
831 1869 879 1899 ire

201 1918 375 1959 exemplis,
395 1916 491 1950 idem
507 1917 560 1951 vel
571 1917 640 1961 pati
652 1943 662 1959 ,
672 1917 726 1951 vel
742 1918 877 1961 facere,

205 1968 297 2013 quod
318 1968 372 2002 alii
387 1981 396 2009 3
412 1968 491 2003 vide
507 1968 550 2002 ad
570 1968 622 2003 IV
637 1969 788 2004 Metam.
804 1971 880 2013 430.

202 2021 370 2054 -Hollcs
379 2032 468 2064 saepe
479 2019 622 2063 cinaedi,
631 2020 770 2065 pathici,
783 2034 880 2056 nunc

205 2072 469 2106 semimares.—
483 2074 593 2110 Vilia,
612 2083 690 2116 quae
707 2071 786 2105 vilia
801 2072 883 2117 ipsis

204 2125 370 2159 videntur
381 2152 389 2168 ‚
415 2126 495 2170 quia
510 2125 660 2160 caedunt.
681 2126 762 2160 Non
779 2133 854 2160 erat
868 2152 880 2169 ‚

202 2190 264 2212 eur
272 2178 439 2212 Heinsius
446 2180 542 2212 levia
549 2178 800 2213 suaderet—A
809 2179 883 2213 Lu-

203 2229 312 2263 cretio
327 2229 420 2264 dicto
437 2229 512 2264 loco
531 2230 595 2264 alia
611 2229 715 2275 hujus
731 2230 880 2264 mutila-

203 2281 306 2316 tionis
321 2295 422 2317 eausa
433 2282 579 2317 affertur
594 2295 603 2316 ε
621 2297 639 2313 α
651 2283 768 2318 Gallos
784 2283 881 2318 attri-

205 2345 223 2361 »
237 2332 350 2368 buum
362 2360 373 2377 ,
390 2335 472 2380 quia
486 2348 622 2370 numen
640 2336 699 2381 qui
716 2335 880 2371 violarint

205 2398 223 2414 ²»
242 2384 368 2421 Matris
378 2413 388 2429 ,
400 2395 435 2422 et
450 2388 577 2434 ingrati
590 2389 807 2434 genitoribus
822 2389 879 2423 in-

206 2451 224 2466 »
242 2437 338 2471 venti
351 2438 438 2482 sint,
456 2439 660 2486 Significat-e
674 2439 799 2476 volunt
822 2442 881 2475 in-

205 2501 224 2517 »
243 2487 364 2535 digno·
371 2502 444 2526 esse
454 2493 628 2538 putandos
638 2519 648 2536 ,
658 2493 786 2528 Vivam
797 2507 882 2540 pro-

208 2555 227 2570 n
245 2541 384 2586 geniem
394 2545 453 2588 qui
464 2544 501 2579 in
508 2546 880 2582 orasluminisedant.»

235 2596 238 2598 '
254 2594 325 2636 247.
341 2594 462 2640 Cybele
474 2598 614 2632 Romam
624 2601 777 2634 deducta.
786 2598 882 2633 Con·

209 2642 419 2689 serLivium,
429 2647 567 2692 XXIX,
583 2662 595 2683 1
605 2662 617 2683 ι
625 2676 634 2692 ,
642 2652 693 2694 14;
704 2651 880 2693 XXXVI,

210 2694 252 2729 36
263 2695 464 2745 {Valerium
476 2699 671 2736 Maximum
683 2703 879 2747 ,Vlll,xv,

939 1344 960 1379 3
974 1358 982 1385 ;
997 1342 1246 1378 Herodianum
1257 1368 1268 1386 ,
1284 1343 1302 1378 1
1315 1369 1325 1386 ,
1346 1356 1359 1376 ι
1370 1356 1383 1377 ι
1397 1356 1407 1384 ;
1423 1343 1623 1378 Arnobium
1638 1372 1642 1380 ,

940 1395 1074 1430 advers.
1084 1394 1238 1438 Gentes,
1251 1394 1344 1438 VII,
1358 1407 1435 1441 pag.
1452 1395 1535 1435 253;
1551 1403 1586 1430 et
1602 1409 1621 1429 e
1647 1394 1650 1398 ’

939 1448 1051 1493 poetis
1067 1447 1194 1482 Silium
1206 1473 1216 1490 ‚
1233 1446 1344 1481 XVII
1357 1473 1368 1490 ‚
1383 1446 1495 1482 initio.
1516 1446 1622 1481 cons.

942 1500 1048 1533 etiam
1055 1499 1176 1534 similis
1185 1498 1539 1545 deductioAEsculapii
1550 1501 1620 1534 XV

944 1551 1095 1586 hletam.
1110 1552 1296 1598 (ἆυ-744·
1306 1569 1351 1577 ·-
1363 1553 1477 1586 Petita
1500 1555 1626 1586 venerit

942 1603 1079 1648 plenius
1096 1615 1201 1648 quam
1218 1629 1228 1646 ‚
1246 1603 1405 1638 arcessita
1420 1603 1483 1645 sit;
1503 1604 1625 1638 Hora-

942 1655 1010 1689 tius
1022 1681 1032 1698 ,
1051 1655 1090 1698 l,
1107 1655 1180 1689 Sat.
1196 1665 1234 1688 Π
1249 1681 1259 1698 ,
1273 1667 1342 1702 79:
1359 1669 1377 1685 κ
1394 1654 1502 1690 Unde
1525 1655 1623 1701 peti-—

945 1719 963 1736 n
980 1713 1058 1740 tum
1079 1707 1159 1741 Hoc
1178 1707 1215 1741 in
1234 1719 1292 1740 me
1308 1707 1418 1751 jacis?
1438 1721 1456 1737 ν
1472 1725 1517 1733 —·
1530 1708 1625 1741 Mea

933 1757 1092 1802 sontibus
1111 1758 1258 1800 nobilis;
1278 1758 1315 1793 11
1335 1758 1424 1794 Met.
1450 1759 1625 1802 218,-ubi

942 1810 1021 1845 vide
1041 1816 1115 1845 not.
1134 1828 1178 1837 -
1192 1812 1322 1845 Iliacas
1344 1823 1423 1855 opes
1435 1837 1446 1852 ,
1474 1823 1626 1856 regnum

944 1862 1154 1907 Troianum.
1163 1862 1233 1897 Hic
1242 1863 1362 1897 mirari
1373 1863 1450 1907 quis
1465 1869 1622 1908 poterat,

945 1914 1039 1960 quod
1049 1914 1280 1949 nonAEneam
1289 1920 1407 1950 secuta
1413 1915 1624 1958 sit—Quum

949 1968 1085 2011 ijam
1103 1974 1168 2002 etc.
1184 1981 1225 2002 ex
1241 1967 1325 2002 AEn.
1343 1968 1380 2011 Ι,
1400 1968 1466 2003 68:
1488 1981 1505 1997 κ
1519 1968 1624 2002 Ilium

946 2031 964 2048 τι
978 2018 1015 2052 in
1033 2018 1169 2054 ltaliam
1185 2026 1349 2065 portans,
1365 2019 1543 2064 victosque
1554 2020 1626 2054 Pe-

946 2085 966 2102 »
981 2077 1099 2116 nates,
1116 2088 1135 2103 a·
1151 2081 1188 2108 et
1199 2087 1288 2109 vers.
1299 2074 1322 2108 6
1338 2087 1348 2109 ε
1367 2088 1385 2104 α
1402 2073 1490 2109 dum
1507 2073 1625 2107 inser-

947 2138 967 2155 »
985 2132 1040 2160 ret
1063 2123 1159 2162 Deos
1178 2127 1289 2162 Latio.
1306 2142 1326 2158 π
1349 2146 1394 2154 -
1411 2126 1618 2171 sumptas,

947 2191 1025 2223 quc
1042 2179 1193 2215 Penates
1210 2188 1247 2216 et
1267 2179 1603 2215 Vestam-serebant.

991 2233 1067 2266 255.
1084 2231 1195 2266 Anno
1208 2234 1290 2280 549,
1306 2234 1347 2268 P.
1362 2232 1532 2267 Cornelio
1548 2230 1627 2266 sci-

945 2283 1050 2329 pione
1060 2309 1069 2326 ,
1091 2283 1133 2318 P.
1150 2283 1285 2318 Licinio
1299 2283 1427 2319 Crasso
1437 2295 1522 2318 coss.
1533 2291 1627 2318 tem-

947 2349 1031 2382 pore
1043 2335 1124 2371 belli
1134 2337 1258 2371 Punici
1269 2336 1428 2380 secundi,
1438 2347 1550 2382 quum
1555 2349 1627 2372 cre-

947 2387 1044 2422 brius
1060 2387 1104 2422 de
1118 2388 1204 2423 caelo
1213 2388 1405 2434 lapidatum
1420 2394 1509 2424 esset
1519 2388 1577 2432 ,in
1589 2389 1626 2423 li·

945 2440 1016 2475 bris
1033 2439 1214 2488 Sibyllinis
1228 2440 1263 2475 id
1281 2454 1424 2476 carmen
1439 2441 1625 2477 inventum

947 2501 999 2529 est
1014 2507 1053 2528 εκ
1066 2493 1293 2540 Quandoque
1308 2494 1417 2530 hostis
1432 2494 1625 2541 alienigena

948 2561 966 2578 n
981 2555 1083 2584 terroe
1094 2548 1202 2584 ltaliae
1208 2548 1339 2584 bellum
1346 2548 1530 2591 intulisset,
1541 2561 1626 2583 eum

947 2614 966 2630 »
981 2600 1059 2645 pelli
1078 2599 1176 2635 Italia
1185 2599 1347 2646 vincique
1363 2614 1462 2647 posse
1475 2627 1484 2644 ,
1494 2601 1523 2635 si
1538 2613 1623 2635 ma-

947 2665 965 2683 »
983 2659 1039 2687 ter
1049 2651 1141 2687 ldaea
1151 2665 1170 2687 a
1180 2652 1388 2688 Pessinunte
1397 2653 1551 2688 Romam
1563 2652 1626 2686 ad-

947 2718 965 2735 »
980 2711 1078 2740 vecta
1101 2704 1200 2741 soret.
1218 2720 1235 2737 n
1254 2706 1351 2742 Hinc
1373 2714 1489 2752 putres
1502 2705 1536 2740 id
1555 2719 1622 2741 co-
