1826 3054
525 269 933 318 FASTORUM,
958 271 1085 315 LIB.
1120 273 1160 315 Ι.

1497 273 1552 317 33

200 363 267 419 It,
291 360 407 409 redit
428 359 574 408 officio
596 361 776 428 Jupiter
801 361 896 428 ipse
915 381 1037 411 meo:

136 438 242 486 Inde
266 456 403 486 vocor
422 439 564 486 Janus
583 457 593 485 :
618 438 690 486 cui
713 454 850 504 quum
874 438 1052 487 Cereale
1077 437 1280 488 sacerdos

201 515 398 581 Imponit
420 514 561 573 libum
575 553 588 573 ‚
612 516 834 582 mixtaque
858 515 972 564 sarra
993 515 1074 563 sali
1092 535 1104 573 ;

135 592 329 640 Nomina
349 591 516 641 ridebis
535 613 546 639 :
568 592 702 640 modo
726 611 915 659 namque
939 592 1165 642 Patulcius
1186 591 1327 651 idem,

202 671 262 716 Et
282 669 417 717 modo
443 669 638 718 sacrifico
664 668 844 718 Clusius
866 688 942 717 ore
963 687 1111 718 vocor.

1497 683 1558 716 ¹30

138 746 314 795 Scilicet
338 747 509 795 alterno
531 747 669 796 valuit
690 747 814 795 rudis
833 745 909 795 illa
931 757 1124 794 vetustas

202 823 391 871 Nomine
416 823 607 870 diversas
629 822 874 886 significare
894 822 1021 870 vices.

135 899 218 947 Vis
239 918 334 947 mea
356 911 531 947 narrata
554 911 621 947 est
641 919 651 946 :
675 918 850 948 causam
871 918 990 947 nunc
1015 898 1131 947 disce
1152 897 1315 961 figurae.

200 978 301 1026 Jam
325 989 468 1025 tamen
490 977 604 1024 hanc
627 976 774 1043 aliqua
797 988 845 1024 tu
870 995 1050 1042 quoque
1071 988 1195 1042 parte
1216 975 1351 1024 vides.

140 1053 301 1102 Omnis
318 1054 454 1102 habet
473 1054 688 1115 geminas,
706 1054 812 1102 hinc
830 1065 962 1119 atque
975 1053 1104 1110 hinc,
1121 1053 1251 1118 janua
1264 1052 1434 1102 frontes
1449 1073 1460 1113 ;
1500 1069 1560 1103 135

204 1133 243 1178 E
268 1130 432 1196 quihus
453 1130 545 1177 haec
568 1129 786 1195 populum
810 1141 1007 1196 spectat;
1035 1142 1079 1178 at
1101 1129 1176 1178 illa
1197 1132 1364 1180 Larem.

142 1209 291 1273 thue
315 1206 470 1255 sedens
493 1218 636 1254 vester
659 1206 792 1272 primi
813 1224 952 1271 prope
973 1204 1124 1254 limina
1146 1208 1251 1255 tecti

204 1283 381 1331 Ja‘nitor
397 1320 409 1340 ‚
435 1301 637 1345 egressus
658 1282 957 1348 introitusque
980 1282 1130 1340 videt·;

144 1362 215 1409 Sic
236 1380 316 1424 ego
338 1360 563 1427 prospicio
576 1396 589 1417 ‚
611 1358 796 1421 caelestis
815 1359 981 1424 janitor
1002 1358 1133 1417 aulae,

140 1477 224 1511 anni
242 1474 526 1511 conversionibus
542 1500 552 1518 ,
572 1474 683 1519 iisque
706 1473 822 1508 suavi-

141 1534 195 1562 ter
205 1527 438 1562 ministerium
450 1525 492 1561 ad
503 1526 594 1561 sores
603 1526 675 1560 caeli
687 1525 820 1560 datum.

142 1580 215 1615 Pro
223 1579 355 1614 foribus
363 1579 409 1613 ibi
420 1579 530 1613 nubes
539 1577 689 1612 obditur.
697 1577 777 1612 Gen
783 1590 821 1612 us

141 1640 178 1668 et
193 1632 339 1666 nomina
358 1644 480 1666 earum
498 1631 629 1666 habent
645 1630 823 1665 Hesiodus

142 1684 277 1729 Theog.
295 1696 358 1731 9⁰¹
373 1697 382 1724 ;
402 1682 570 1728 Orpheus
585 1682 620 1717 h.
638 1683 692 1725 4²·
705 1701 750 1707 -—
763 1683 815 1722 lt,

139 1738 229 1771 redit
235 1735 402 1770 Heinsius
410 1749 429 1770 e
437 1735 507 1770 MS
517 1734 689 1769 Vossiano
698 1741 733 1768 et
741 1747 824 1779 sep-

141 1794 214 1822 tem
224 1787 297 1822 aliis
304 1787 462 1822 assumsit
469 1813 478 1828 ,
489 1799 555 1832 pro
564 1788 614 1820 Et
620 1787 715 1823 redit.
727 1785 820 1830 quod

140 1839 258 1885 scripti
268 1832 423 1884 plerique
434 1837 635 1884 praeserunt.
644 1834 742 1871 Olim
753 1836 823 1870 vul-

142 1904 187 1936 go
199 1893 248 1926 Et
257 1893 345 1926 redit
354 1890 468 1936 officio
478 1893 620 1934 Jupim,
634 1894 721 1934 itque
730 1902 801 1923 mco
811 1916 821 1931 ‚

144 1942 238 1986 quod
250 1947 370 1992 ὕστερω
382 1945 517 1992 πρότερον
525 1955 598 1976 non
610 1941 823 1988 infrequens.

146 1995 314 2029 Heinsius
324 2002 423 2040 putat
434 2020 445 2037 ,
455 1994 626 2029 Ovidium
639 1994 694 2029 hic
704 2007 826 2040 respe—

145 2047 230 2081 xisse
241 2045 283 2080 ad
295 2053 441 2092 etymon
451 2046 606 2081 nominis
616 2071 627 2088 ‚
644 2058 754 2090 quum
767 2044 825 2080 Ci-

144 2110 227 2133 cero
234 2098 368 2132 Janum
379 2097 421 2132 ab
431 2096 826 2132 eundoEanmdicmm

144 2150 327 2185 existimet.
355 2149 438 2183 Vid.
464 2148 670 2194 Sagittarius
689 2147 733 2183 de
753 2148 826 2190 Ja-

146 2202 234 2237 nuis.
254 2202 302 2236 Et
320 2202 369 2236 sic
389 2200 585 2246 putandum
607 2206 682 2242 est,
707 2199 735 2234 si
749 2201 828 2233 inde

146 2253 255 2289 refers
271 2253 314 2288 ad
331 2253 435 2288 verba
449 2256 495 2291 it,
518 2254 613 2286 redit.
629 2251 700 2286 Sed
716 2257 828 2296 potest

146 2306 253 2340 etiam
270 2305 312 2340 ad
327 2307 491 2350 presideo
498 2304 634 2348 fim’bus
652 2303 776 2338 referri
793 2309 829 2338 et

147 2357 260 2391 multo
274 2357 401 2392 rectius
413 2382 423 2399 ,
440 2355 522 2400 quia
534 2367 607 2389 non
628 2355 741 2389 Janus
756 2357 830 2389 iens

145 2407 346 2451 inducitur,
362 2405 424 2442 sed
443 2406 594 2451 Jupiter.
619 2406 747 2440 Noster
769 2418 829 2440 eos

149 2459 266 2504 potius
280 2466 419 2494 secutus
438 2466 491 2493 est
504 2484 515 2501 ,
540 2458 664 2503 quibus
678 2460 791 2492 Janus
811 2470 831 2492 a

145 2511 259 2553 janna
274 2510 385 2546 dictus
400 2509 584 2544 videbatur
595 2535 605 2552 ‚
622 2510 702 2554 quia
717 2509 831 2553 januis

153 2564 461 2606 preesset—Cui,
483 2562 582 2606 cujus
598 2562 705 2596 altari.
715 2563 833 2596 —Li-

152 2616 250 2654 διιη
276 2614 419 2649 Festus:
435 2628 452 2643 κ
468 2613 597 2647 Janual
609 2639 619 2656 ,
634 2613 693 2647 libi
707 2625 831 2658 genus,

155 2678 173 2694 ι·
191 2663 286 2708 quod
297 2665 390 2699 Jano
404 2663 648 2699 tantummodo
663 2663 799 2698 libatur.
812 2678 831 2694 ιο

152 2715 281 2749 -'Mox
296 2714 438 2760 plurimi
455 2713 704 2750 MSS'et'editi
715 2740 725 2757 ,
745 2726 832 2759 quos

156 2766 350 2802 Mitscherl.
369 2773 507 2803 secutus
517 2789 530 2812 ‚
552 2769 634 2804 sale.
649 2784 693 2795 ·-
703 2769 834 2803 Patul-

284 2833 375 2879 VJ.

885 1476 959 1508 cius
975 1480 1041 1509 etc.
1057 1473 1175 1509 Etiam
1191 1475 1349 1511 Macrob.
1366 1491 1384 1507 κ
1403 1477 1445 1512 111
1464 1478 1567 1512 sacris

887 1540 906 1556 ιο
922 1539 1062 1571 quoque
1077 1527 1281 1562 invocamus
1295 1528 1431 1562 Janum
1446 1528 1567 1563 Patul-

887 1592 905 1608 υ
921 1578 1015 1612 cium
1031 1585 1067 1613 et
1082 1577 1284 1621 Clausium;
1303 1580 1383 1625 quia
1394 1580 1486 1614 bello
1494 1579 1568 1613 val-

888 1643 906 1659 »
923 1642 975 1664 vae
986 1631 1063 1675 ejus
1073 1637 1194 1675 patent
1203 1656 1213 1673 ,
1223 1643 1306 1676 pace
1315 1631 1536 1665 clauduntur.
1548 1646 1566 1660 ιο

885 1684 1084 1723 —Altcmo,
1099 1683 1208 1718 altero
1220 1695 1351 1718 munus
1366 1682 1566 1728 aperiendi,

886 1733 997 1768 altero
1006 1732 1201 1767 claudendi.
1216 1733 1339 1769 Heius.
1346 1735 1509 1778 malebat,
1518 1736 1571 1769 al·

886 1792 1008 1824 ternas,
1023 1788 1163 1827 diverso,
1178 1785 1271 1830 quod
1282 1786 1438 1831 placebat
1448 1786 1572 1821 Taub-

887 1849 987 1871 nero.
1005 1836 1167 1871 Alterum
1179 1844 1231 1871 est
1248 1837 1571 1882 exquisitius—Vi-

887 1899 954 1928 ces,
967 1900 1130 1932 munera,
1144 1900 1221 1932 quae
1232 1901 1296 1933 per
1304 1889 1396 1924 vices
1407 1896 1568 1935 aguntur.

935 1940 1007 1975 133.
1025 1942 1105 1980 Vis,
1124 1940 1281 1975 officium
1294 1954 1303 1975 :
1316 1954 1357 1976 ex
1370 1941 1437 1976 hoc
1446 1948 1484 1976 tu
1495 1943 1570 1987 jam

889 1991 1149 2037 quodammodo
1158 1999 1282 2037 sponte
1297 2005 1437 2028 causam
1448 1992 1571 2039 figura

889 2056 978 2079 meae
991 2057 1187 2090 cognosces.
1198 2062 1243 2070 —
1250 2045 1413 2088 Populum
1423 2050 1565 2089 spectat,

889 2109 988 2131 versa
1003 2104 1055 2131 est
1070 2095 1113 2130 ad
1130 2096 1269 2141 plateas.
1284 2114 1328 2122 -—-
1342 2098 1516 2132 Ianitores
1533 2097 1572 2132 in

890 2149 988 2184 aditu
1004 2148 1134 2184 aedium
1143 2149 1238 2183 inter
1251 2148 1337 2184 duas
1346 2148 1438 2184 sores
1451 2149 1505 2184 vel
1517 2163 1571 2185 se-

889 2204 1031 2241 debant,
1051 2202 1106 2236 vel
1122 2201 1259 2236 stabant
1273 2228 1284 2245 ,
1303 2201 1356 2237 vel
1372 2202 1546 2237 cubabant
1559 2216 1570 2245 ;

891 2252 1096 2298 Sagittarius
1104 2252 1148 2288 de
1162 2253 1287 2289 Januis
1301 2267 1356 2300 ep.
1373 2254 1572 2289 1fi.—Bur-

891 2316 1043 2339 mannus
1064 2312 1164 2350 putat
1182 2332 1193 2349 ‚
1220 2306 1423 2341 inferiorem
1446 2302 1574 2342 domus

891 2363 1028 2401 partem
1041 2382 1052 2399 ,
1070 2357 1130 2392 ubi
1144 2357 1251 2402 janua
1262 2385 1272 2401 ,
1291 2371 1365 2394 non
1389 2366 1484 2394 recte
1496 2363 1574 2403 prb-

892 2419 979 2440 παπ
990 2412 1111 2440 tectum
1127 2407 1206 2443 dici.
1223 2407 1377 2455 Conjicit
1390 2409 1497 2455 igitur
1513 2409 1571 2446 hic

894 2462 1141 2503 quoqueprivi,
1161 2466 1200 2494 ut
1212 2460 1337 2495 domus
1349 2461 1489 2506 private
1498 2475 1573 2498 cus-

894 2516 947 2545 tos
962 2518 1186 2555 comparetur
1200 2511 1304 2546 Jano.
1321 2512 1439 2547 Immo
1453 2525 1473 2547 e
1488 2506 1573 2548 ser-2

894 2576 1000 2598 mone
1017 2563 1154 2608 poetico
1171 2563 1285 2608 prima
1304 2577 1383 2610 pars
1402 2564 1453 2600 rei
1477 2571 1574 2602 recte

889 2619 1002 2661 μήπω
1020 2628 1074 2649 res
1095 2615 1233 2650 dicitur.
1259 2616 1314 2651 Ita
1326 2620 1471 2661 prima
1490 2629 1570 2661 uer,

889 2670 1019 2711 priam
1032 2668 1089 2701 sol
1099 2673 1136 2702 et
1149 2667 1259 2702 multa
1268 2667 1343 2705 alia.
1353 2667 1490 2704 Confer
1499 2669 1554 2704 VI
1562 2696 1573 2714 ‚

896 2719 962 2753 302
980 2745 991 2762 ‚
1017 2718 1076 2754 ubi
1086 2723 1204 2762 prime
1218 2722 1306 2755 edes
1320 2726 1520 2755 occurrunt.
1531 2737 1579 2756 -z

897 2769 1574 2821 hospitandioresmotantefleinsio,

1367 2838 1393 2883 3
