1826 3054
517 229 587 273 IN
626 229 868 277 OVIDII
909 229 1209 272 FASTOS.
1483 229 1570 271 515

155 327 228 374 dio
243 363 255 383 ‚
282 328 380 392 qui,
406 326 549 392 primo
566 323 687 372 bello
709 324 874 390 punico
888 361 901 381 ‚
920 342 1012 373 rem
1027 324 1073 370 in
1087 322 1232 371 Sicilia
1256 336 1506 386 gesserant,
1530 334 1576 371 et

153 404 336 453 alterum
358 403 424 451 vel
447 402 631 452 alterum
662 400 909 449 anertini
938 418 1183 462 cognomen
1219 400 1434 465 accepisse
1468 400 1572 465 opi-

162 487 334 522 nantur.
353 473 439 522 Sed
459 472 616 537 dubito
632 510 644 529 ‚
665 490 721 519 an
739 471 792 519 de
811 470 989 519 Valerio
1001 506 1015 527 ‚
1038 470 1163 535 cujus
1177 482 1322 536 partes
1340 470 1386 517 in
1403 470 1484 517 hac
1500 489 1578 518 ex—

156 551 379 618 peditione
393 547 590 597 secundae
600 560 743 604 erant,
764 559 807 596 et
822 547 875 595 de
891 547 1152 611 cognomine
1163 547 1289 612 cujus
1303 544 1474 594 nullum
1482 565 1578 594 ves-

161 628 315 690 tigium
334 637 487 681 exstat,
506 624 689 688 cogitari
706 624 845 682 liceat,
858 644 995 692 quum
1008 625 1206 691 inspecto
1224 622 1412 690 Polybio
1424 623 1467 687 (I
1479 660 1491 678 ‚
1514 622 1574 686 1),

158 707 230 753 vix
252 706 303 753 de
325 724 402 758 eo,
428 723 558 770 quem
589 703 777 751 Ovidius
799 703 967 760 innuit,
994 702 1186 751 dubitari
1224 713 1367 769 queat.
1404 701 1581 768 Appius

160 782 274 829 enim
298 780 511 829 Claudius
532 799 623 827 non
650 779 791 828 solum
816 779 1030 842 singulari
1055 778 1272 829 celeritate
1296 779 1481 845 primam
1504 797 1580 826 ex-

157 859 428 926 peditionem
459 857 668 914 confecit,
698 858 904 906 Messana
933 856 1103 923 expulit
1131 855 1514 919 Carthaginienses
1537 866 1582 902 et

160 938 402 986 Hieronem
425 935 713 1002 expugnavit,
738 934 814 983 sed
830 946 873 983 et
888 947 1041 1001 postea
1056 934 1111 982 ad
1130 933 1326 1001 exempla
1346 935 1469 982 navis
1487 954 1582 983 car-

159 1014 430 1077 thaginensis
446 1012 626 1061 classem
641 1012 875 1070 exstruxit,
894 1011 1092 1078 praelium
1105 1011 1256 1060 navale
1275 1011 1517 1068 commisit,
1537 1024 1581 1059 et

166 1091 358 1140 Caudicis
371 1108 616 1154 cognomen
638 1090 739 1138 inde
761 1090 976 1139 invenisse
991 1090 1179 1138 dicitur:
1198 1090 1286 1138 vid.
1307 1089 1467 1155 Polyb.
1487 1087 1516 1136 l.
1541 1107 1577 1136 c.

163 1169 322 1217 Nonne
344 1168 464 1216 hunc
488 1166 667 1217 titulum
688 1166 875 1216 Ovidius
898 1179 1116 1235 spectasse
1138 1167 1362 1235 putandus
1380 1167 1496 1216 erit?

470 1493 607 1523 ntus
641 1492 960 1522 Excunsuuu
990 1493 1040 1522 IN
1068 1492 1264 1523 rAsros.
