1826 3054
238 226 338 317 486*
767 263 1130 310 excussus

238 369 282 406 et
300 369 446 407 exacte
461 358 514 408 ad
530 359 697 408 Petavii
713 358 888 408 fabulas
905 361 1200 427 propriosque
1222 358 1415 408 calculos
1428 357 1633 408 discussit
1646 397 1658 416 ,

238 447 282 483 et
302 435 523 485 horizonti
544 454 724 503 aevoque
748 436 842 486 suis
866 436 1058 486 reddidit
1080 435 1141 485 ill.
1168 436 1296 486 Psaff.
1322 436 1351 486 l.
1378 456 1415 485 c.
1442 466 1493 474 —
1517 437 1662 486 Prius·

240 529 372 577 quam
392 530 494 561 vero
518 511 648 561 simili
670 511 840 561 ratione
862 512 910 560 in
935 512 1200 579 quibusdam
1221 513 1371 563 Ovidii
1395 512 1505 562 locis
1523 513 1577 562 ad
1597 532 1664 561 ve·

238 588 409 638 ritatem
433 589 772 639 astronomicam
796 589 1053 639 revocandis
1074 589 1368 647 versabimur,
1394 602 1459 647 et,
1486 591 1592 657 quid
1610 590 1664 639 de

181 702 183 704 ψ
239 666 294 715 iis
313 665 597 732 judicandum
624 666 715 721 sit,
748 664 1022 723 videbimus,
1055 666 1208 733 paucis
1234 666 1286 715 de
1307 677 1466 716 ortuum
1488 677 1529 715 et
1549 686 1665 715 occa·

241 762 356 792 suum
381 743 499 811 apud
522 755 689 792 veteres
715 742 879 793 diversis
890 743 1126 810 generibus,
1165 754 1208 792 et
1230 742 1285 792 de
1307 743 1502 792 veritatis
1524 756 1667 792 astro-

239 824 421 872 nomicae
445 821 739 890 probabiliter
761 821 1002 889 quaerendae
1023 822 1192 871 ratione
1215 820 1446 870 dicendum
1471 834 1550 870 est.
1577 824 1666 870 Ye-

246 912 358 949 teres
384 899 500 948 enim
525 899 665 949 Graeci
690 910 788 949 ante
810 898 1038 948 Thaletem
1066 898 1192 964 (vide
1215 898 1379 965 supra)
1408 911 1667 966 apparentes

239 978 418 1027 nonnisi
440 989 565 1027 ortus
586 996 855 1044 occasusque
873 978 1133 1045 spectabant
1154 989 1199 1026 et
1219 978 1279 1026 ita
1301 977 1479 1026 nonnisi
1498 978 1668 1026 divide-

244 1056 357 1103 bant
373 1092 385 1112 ,
411 1066 464 1103 ut
486 1066 633 1103 ortum
655 1056 892 1117 (ἐπιτολὴν)
916 1066 962 1103 et
982 1073 1185 1103 occasum
1209 1054 1408 1119 (δύσιν),
1436 1052 1503 1103 vel
1526 1065 1670 1102 matu-

245 1132 409 1189 tinum,
430 1131 497 1180 vel
516 1132 814 1199 vespertinum
834 1150 928 1181 esse
947 1132 1190 1181 indicarent
1212 1138 1240 1180 ¹.
1262 1133 1417 1197 Quum
1430 1150 1533 1180 vero
1545 1143 1669 1180 ortus

244 1221 503 1276 apparentes
526 1221 570 1258 et
592 1228 719 1259 veros
743 1209 987 1259 discernere
1012 1210 1295 1268 didicissent,
1323 1211 1383 1259 ita
1406 1228 1482 1258 eos
1507 1209 1670 1258 divisos

248 1298 290 1334 et
313 1286 559 1354 appellatos
582 1305 674 1337 esse
698 1299 951 1337 constanter
974 1288 1220 1338 invenimus
1241 1307 1252 1338 ε

487 1413 600 1451 Ortus
617 1414 812 1451 matutinus
827 1427 929 1451 verus
941 1441 951 1460 ,
970 1415 992 1450 i.
1005 1428 1036 1451 e.
1051 1414 1230 1450 cosmicus.

490 1500 725 1510 ........
750 1488 919 1522 apparens
930 1501 940 1519 ,
957 1475 978 1510 i.
996 1488 1026 1510 e.
1044 1474 1206 1509 heliacus.

557 1563 565 1572 .
586 1562 593 1570 .
616 1536 837 1582 vespertinus
855 1548 979 1580 verus,
998 1535 1019 1570 ἰ.
1038 1548 1068 1571 e.
1088 1533 1313 1582 acronychus.

489 1620 731 1632 ........
758 1606 939 1641 apparens.

494 1655 649 1693 Occasus
664 1657 858 1693 matutinus
874 1669 997 1700 verus,
1017 1655 1039 1691 i.
1056 1668 1086 1691 e.
1102 1654 1281 1691 cosmieus-

490 1714 644 1752 Occasus
661 1716 855 1751 matutinus
873 1727 1052 1769 apparens.

492 1775 646 1812 Occasus
665 1777 882 1823 vespertinus
896 1789 999 1811 verus
1010 1801 1020 1819 ,
1038 1775 1059 1810 i.
1075 1787 1106 1809 e.
1123 1772 1348 1822 acronychus.

496 1835 652 1872 Occasus
666 1836 886 1883 vespertinus
902 1847 1092 1881 apparens,
1111 1834 1131 1869 i.
1149 1846 1180 1869 e.
1196 1832 1356 1869 heliacus.

255 1945 333 1993 ubi
357 1944 441 1992 hoc
464 1944 663 1994 universe
689 1943 926 1992 tenendum
951 1955 1018 1991 est
1038 1961 1048 1990 ε

327 2027 384 2068 1⁰.
411 2021 545 2069 Mane
568 2038 694 2069 veros
719 2032 843 2068 ortus
861 2018 1015 2067 multis
1036 2035 1151 2085 saepe
1168 2016 1325 2065 diebus
1343 2015 1581 2084 praecedere
1595 2036 1677 2083 ap-

255 2108 471 2162 parentes.
508 2105 576 2143 2⁰.
603 2094 785 2162 Vesperi
809 2106 1069 2162 apparentes
1092 2093 1332 2161 praecedere
1356 2111 1495 2142 veros.
1520 2094 1678 2142 Astro-

254 2175 375 2223 nomi
399 2175 524 2239 graeci
539 2211 551 2232 ,
580 2186 622 2222 et
646 2172 889 2223 Columella
906 2210 918 2231 ,
944 2185 988 2222 et
1011 2172 1181 2221 Plinius
1205 2190 1402 2239 semper,
1430 2185 1480 2222 ut
1503 2190 1676 2220 necesse

257 2265 351 2311 est,
389 2253 479 2302 sive
512 2264 637 2302 ortus
676 2252 944 2308 matutinus,
979 2251 1068 2301 sive
1108 2251 1385 2318 vespertinus
1400 2289 1411 2309 ,
1457 2250 1674 2300 interdum

258 2333 385 2382 etiam
422 2332 512 2382 sive
546 2330 761 2380 cosmicus
780 2368 793 2388 ,
814 2330 904 2378 sive
923 2328 1143 2386 heliacus,
1178 2329 1267 2377 sive
1294 2329 1563 2396 acronychus
1587 2328 1643 2376 sit
1664 2366 1676 2383 ,

258 2421 484 2459 annotant.
509 2409 700 2459 Ovidius
723 2426 848 2466 raro,
873 2426 988 2475 saepe
1010 2406 1150 2463 salso,
1188 2426 1301 2475 saepe
1324 2406 1555 2469 ambigue,
1582 2417 1679 2454 uter

262 2497 385 2535 ortus
406 2503 638 2535 occasusve
661 2484 746 2563 sit3
778 2483 968 2542 indicat,
994 2494 1036 2532 et
1060 2482 1305 2531 videbimus
1336 2481 1444 2530 infra
1477 2500 1576 2530 eum
1608 2481 1677 2529 vix

306 2621 316 2641 ¹
334 2613 485 2661 ἐπιτολὴν
495 2646 504 2664 ,
518 2619 553 2655 id
565 2627 615 2656 est
626 2632 783 2655 annuum!
794 2626 911 2654 ortum
922 2645 933 2662 ,
1000 2625 1049 2654 cst
1064 2644 1073 2660 ,
1090 2626 1167 2653 ortu
1186 2616 1389 2663 quotidiano
1401 2623 1475 2662 post
1488 2616 1566 2651 solis
1581 2629 1678 2650 ‹vcra-

259 2672 313 2709 vel
338 2672 481 2719 quando
501 2672 595 2709 sidus
619 2673 772 2719 primum
795 2672 830 2707 in
852 2670 936 2709 culo
1000 2670 1288 2707 summan-item
1301 2669 1360 2704 e'oeb
1375 2673 1590 2719 τξςιρύψιη,
1603 2679 1679 2712 que

260 2731 402 2770 apparet
417 2723 603 2771 diligenter
613 2723 779 2771 distingui
788 2722 937 2760 vultGe·
1002 2730 1123 2759 tamen
1140 2735 1240 2759 voees
1253 2722 1376 2768 sapius
1392 2729 1656 2759 commutantur
1669 2746 1679 2760 ,

261 2778 379 2814 miuus
394 2779 407 2821 (
423 2789 452 2813 c.
468 2776 520 2813 xl
535 2778 549 2821 )
567 2778 626 2813 ὲιῦ
641 2786 695 2818 τῖς
710 2777 855 2818 int->53
866 2803 879 2820 ,
901 2774 936 2812 id
1002 2782 1041 2811 ut
1058 2775 1182 2822 passim
1201 2774 1363 2820 reperies.
