1826 3054
541 376 1183 450 PROOEMIUM.

162 801 314 884 QUAE
344 836 472 867 causa
493 817 719 885 impulerit
743 819 954 868 Ovidium
971 857 984 877 ‚
1019 832 1070 868 ut
1089 821 1143 869 ad
1166 822 1325 871 Fastos
1347 824 1575 871 Romano-

155 919 253 949 rum
271 900 404 963 elegis
423 902 699 950 exornandos
715 902 920 967 adjiceret
938 903 1130 951 animum
1143 940 1155 959 ‚
1179 904 1380 970 equidem
1405 904 1576 971 liquido

158 982 302 1031 dicere
331 1001 423 1031 non
454 983 607 1031 ausim.
645 984 782 1031 Mitto
812 984 1031 1050 Propertii
1066 986 1190 1047 (IV,
1217 998 1258 1043 Ι,
1283 985 1380 1052 69)
1413 987 1544 1034 verba
1563 1024 1575 1042 ‚

158 1063 291 1112 Sacra
317 1064 476 1130 diesque
502 1082 644 1111 canam
659 1102 672 1120 ,
707 1075 748 1112 et
771 1066 1006 1130 cognomina
1022 1066 1160 1131 prisca
1181 1066 1357 1114 Iocorum
1371 1106 1382 1122 ,
1415 1068 1579 1132 quibus

158 1146 371 1193 excitatus
390 1146 648 1211 praevenisse
668 1146 854 1194 amicum
879 1146 1104 1194 nonnullis
1131 1147 1315 1195 videtur.
1354 1149 1578 1197 Memora-

158 1224 295 1273 bilior
316 1238 383 1273 est
402 1227 617 1274 sententia
636 1245 787 1275 eorum
802 1264 814 1283 ‚
843 1228 919 1293 qui
938 1227 1254 1276 Callimachum
1271 1240 1432 1294 putant
1450 1230 1505 1278 ab
1526 1249 1577 1278 eo

160 1327 253 1357 esse
269 1326 536 1373 expressum.
574 1310 704 1356 Hunc
742 1309 858 1357 enim
884 1322 1057 1358 constat
1080 1312 1269 1360 carmine
1288 1349 1300 1369 ‚
1330 1313 1399 1360 cui
1421 1308 1573 1360 Ᾱιτὶων

158 1389 247 1437 sive
266 1388 491 1437 Causarum
508 1408 670 1437 nomen
690 1389 973 1455 inscriptum,
994 1411 1138 1439 rerum
1151 1393 1576 1459 antiquissimarum,

158 1475 211 1522 ad
230 1475 349 1523 Deos
362 1486 402 1522 et
415 1474 572 1522 heroas
590 1475 902 1540 pertinentium
921 1493 1071 1523 causas
1090 1478 1226 1536 (αἴτια
1240 1478 1419 1541 ωγυγίων
1437 1482 1576 1541 ἡρώων

158 1561 225 1606 καὶ
254 1561 445 1622 μακάρων
464 1559 485 1618 )
504 1556 793 1623 explicuisse;
825 1557 952 1622 cujus
976 1558 1180 1606 carminis
1204 1558 1470 1621 fragmenta,
1498 1560 1575 1608 sed

155 1640 432 1696 brevissima,
452 1638 638 1687 Bentleii
664 1638 781 1693 curis
804 1638 989 1687 collecta
1005 1676 1017 1695 ‚
1044 1639 1089 1686 in
1111 1639 1302 1688 editione
1324 1639 1580 1689 Callimachi

156 1722 392 1770 Ernestina
405 1759 417 1778 ‚
439 1732 544 1768 tom.
563 1721 608 1768 Π
624 1757 637 1778 ,
657 1741 701 1788 p.
722 1719 961 1781 416-426,
979 1719 1202 1783 leguntur.
1239 1722 1302 1768 Et
1319 1740 1370 1769 ex
1386 1721 1458 1770 his
1477 1723 1578 1789 qui-

156 1803 255 1852 dem
278 1803 534 1866 fiagmentis
556 1803 706 1869 operis
730 1802 843 1850 ratio
872 1802 1051 1850 minime
1083 1803 1394 1865 cognoscitur3
1426 1821 1576 1853 verum

155 1886 430 1949 Anthologia
442 1886 612 1943 Graeca,
631 1897 736 1934 tom.
756 1886 836 1942 IV,
855 1904 956 1952 pag.
979 1884 1095 1943 236,
1116 1886 1399 1953 Epigramma
1416 1886 1573 1943 habet,

157 1968 276 2016 unde
308 1980 484 2033 poetam
516 1986 647 2015 usum
683 1986 779 2015 esse
810 1966 899 2014 hoc
917 1966 1140 2029 'figmento
1177 1967 1374 2016 videmus
1390 2005 1403 2026 ‚
1438 1980 1491 2017 ut
1527 1968 1575 2017 in

160 2050 327 2099 somnis
354 2068 399 2097 se
428 2049 590 2098 diceret
615 2050 662 2097 in
681 2048 899 2098 Helicona
926 2049 1158 2117 abreptum
1176 2087 1188 2108 ,
1220 2069 1318 2116 quae
1338 2063 1574 2117 quaereret,

161 2148 214 2180 ex
232 2132 345 2197 ipsis
368 2130 514 2179 Musis
538 2132 771 2196 accepisse.
807 2133 868 2179 Et
893 2150 1019 2189 sane,
1042 2131 1171 2179 etiam
1192 2132 1380 2180 Ovidius
1400 2133 1448 2180 in
1470 2134 1580 2181 Fas-

160 2227 309 2263 torum
336 2229 470 2280 opere
500 2212 659 2263 Causas
688 2213 926 2262 multarum
951 2234 1096 2263 rerum
1114 2253 1128 2272 ‚
1162 2234 1254 2264 non
1277 2217 1575 2264 Romanarum

160 2308 354 2353 tantum,
374 2296 578 2362 exponit,
601 2296 709 2362 quin
728 2307 773 2344 et
790 2297 911 2344 Deos
930 2297 1017 2345 sibi
1036 2299 1279 2364 Musasque
1295 2298 1424 2360 fingit
1441 2317 1576 2364 appa·

155 2378 293 2427 ruisse
308 2415 321 2435 ,
339 2389 392 2426 ut
405 2415 419 2435 ‚
439 2397 536 2444 quae
556 2377 708 2426 abdita
726 2376 910 2426 laterent
924 2414 935 2434 ‚
964 2378 1052 2425 sibi
1070 2379 1302 2444 aperirent.
1327 2378 1471 2427 Etiam
1490 2379 1577 2428 hoc

156 2472 321 2508 certum
338 2471 428 2516 est,
465 2458 721 2507 Callimachi
740 2479 912 2507 carmen
935 2460 1039 2507 satis
1062 2471 1220 2507 notum
1248 2460 1383 2509 fuisse
1407 2462 1575 2509 Roma-

155 2542 225 2590 nis
237 2579 250 2598 ‚
269 2541 580 2608 laudatumque
599 2561 623 2590 a
638 2544 837 2590 Varrone
853 2579 865 2598 ‚
897 2540 1120 2598 Martiali,
1141 2540 1379 2590 Plutarcho
1391 2580 1403 2600 ‚
1424 2543 1574 2591 Servio

158 2622 353 2690 aliisque.
390 2623 686 2672 Ruhnkenius
710 2617 896 2690 denique
925 2621 1072 2671 locum
1091 2642 1143 2671 ex
1158 2623 1294 2672 Trist.
1316 2625 1383 2682 V,
1416 2637 1448 2672 V
1467 2662 1479 2682 ‚
1514 2622 1574 2671 33

162 2726 246 2772 sqq
258 2745 270 2764 ‚
288 2708 455 2755 notavit
468 2745 480 2764 ‚
502 2727 632 2773 quem
651 2727 702 2756 ex
724 2708 832 2773 ipsis
850 2706 938 2755 illis
956 2706 1210 2756 Callimachi
1228 2710 1384 2761 Αἰτὶοις
1400 2724 1577 2773 expres-
