1826 3054
505 259 892 303 FASTORUM
926 261 1056 304 LIB.
1093 263 1166 305 11.

1467 267 1544 308 115

132 351 212 400 llle
238 351 372 414 gemit
394 349 508 399 lecto
530 350 717 413 graviter
738 350 932 415 deiectus
953 351 1009 400 ab
1031 351 1147 411 alto,

198 430 486 496 Membraque
508 428 562 477 de
586 428 696 477 dura
715 429 788 476 vix
811 447 890 477 sua
913 428 1032 477 tollit
1053 429 1203 479 humo.

135 507 271 555 Ridet
291 519 335 555 et
355 505 558 563 Alcides,
587 518 632 554 et
651 506 730 572 qui
752 505 899 555 videre
915 506 1128 572 jacentem
1146 526 1157 555 :
1484 524 1548 558 355

202 586 338 634 Ridet
360 596 594 634 amatorem
616 584 738 651 Lyda
759 583 905 651 puella
925 602 1065 632 suum.

138 663 271 711 Veste
294 663 416 710 Deus
438 660 565 710 lusus
579 699 591 718 ‚
615 660 816 709 fallentes
840 660 1006 709 lumina
1027 672 1169 709 vestes

201 740 303 787 Non
326 751 467 796 amat;
492 751 535 787 et
557 738 703 787 nudos
725 738 780 786 ad
805 756 885 786 sua
908 756 1025 786 sacra
1046 750 1186 786 vocat.

137 816 263 865 Adde
286 815 524 882 peregrinae
546 834 747 873 causam,
771 833 867 863 mea
890 816 1046 873 Musa,
1070 816 1296 874 Latinam3

201 895 341 959 Inque
365 911 447 940 suo
468 904 621 942 noster
639 892 819 959 pulvere
845 904 991 940 currat
1014 910 1167 959 equus.

1492 910 1558 944 360

142 970 383 1036 Cornipedi
407 971 560 1019 Fauno
583 989 690 1019 caesa
714 970 768 1019 de
791 989 913 1018 more
937 969 1100 1037 capella
1114 1008 1126 1028 ,

202 1047 338 1095 Venit
355 1047 411 1095 ad
431 1047 610 1110 exiguas
630 1047 761 1095 turba
781 1059 933 1096 vocata
956 1047 1090 1113 dapes
1113 1066 1124 1104 ;

140 1126 349 1191 Dumque
370 1125 617 1173 sacerdotes
637 1125 830 1172 verubus
853 1136 1074 1173 transsuta
1100 1124 1278 1188 salignis

207 1204 321 1251 Exta
341 1214 521 1269 parant,
546 1201 711 1250 medias
732 1201 826 1250 sole
848 1213 1023 1250 tenente
1042 1201 1133 1250 vias
1150 1240 1163 1259 ‚

146 1279 365 1328 Romulus
387 1292 431 1328 et
453 1279 611 1337 frater,
631 1278 955 1346 pastoralisque
978 1279 1184 1344 juventus

145 1383 368 1425 excubantes,
382 1383 436 1417 vel
451 1382 664 1417 dormientes
674 1409 684 1424 ‚
697 1382 817 1417 lumen

146 1435 303 1478 alebant,
323 1434 415 1480 quod
431 1435 568 1470 excitati
584 1436 765 1470 inferrent.
781 1437 817 1471 X

145 1487 291 1521 Metam.
307 1487 391 1531 4733
414 1487 491 1529 XI,
515 1488 591 1534 679.
615 1487 707 1522 Vide
724 1487 820 1523 Dra-

144 1539 246 1574 kenb.
261 1538 304 1573 ad
317 1539 379 1574 Sil.
394 1540 411 1574 I
425 1565 435 1581 ,
453 1539 627 1573 eti—Vix
638 1552 721 1581 sua,
739 1540 819 1585 qui-

144 1591 207 1625 bus
222 1590 277 1624 vix
292 1590 343 1624 uti
359 1590 481 1635 potuit.

186 1643 262 1688 359.
281 1641 418 1686 Quarta
440 1654 542 1676 causa
564 1654 584 1676 a
604 1642 760 1676 Romulo
783 1649 819 1676 et

142 1693 248 1728 fratre
264 1693 411 1739 repetita
424 1719 434 1737 ,
452 1706 559 1738 quam
575 1706 649 1728 non
668 1693 734 1728 nisi
754 1707 819 1728 re—

142 1757 222 1779 rum
239 1744 482 1779 Romanarum
496 1743 611 1780 studio
628 1743 819 1779 admiscuit.

142 1814 186 1821 —
199 1794 297 1831 Olim
314 1795 369 1831 ed.
379 1800 565 1840 peregrinis
581 1808 706 1831 causas
720 1796 823 1830 Lati-

142 1860 216 1882 nas.
230 1847 301 1882 Sed
315 1848 447 1894 primus
463 1847 628 1882 Heinsius
642 1860 682 1881 ex
694 1847 821 1881 Aron—

143 1899 210 1933 del.
230 1900 360 1934 mazar.
382 1899 515 1934 zulich.
526 1903 706 1943 peregrine
722 1912 820 1933 rece-

144 1951 215 1995 pit,
207 1965 214 1972 ·
234 1958 310 1985 tum
328 1951 452 1985 Burm.
468 1963 508 1985 ex
526 1950 635 1985 Palat.
651 1958 687 1986 et
703 1951 822 1986 Petav.

145 2002 251 2036 etiam
268 2015 407 2036 causam
417 2003 586 2036 latinam.
597 2002 713 2046 Sane,
730 2002 824 2036 Lati-

148 2068 231 2090 nam
248 2068 320 2090 non
336 2056 402 2090 nisi
419 2068 527 2090 unam
539 2068 678 2090 causam
689 2056 801 2092 adfert
811 2082 822 2100 ,

145 2106 204 2141 sed
214 2110 427 2151 peregrinas,
445 2106 467 2140 i.
483 2120 513 2141 e.
523 2119 544 2141 e
556 2106 656 2141 terris
668 2107 826 2153 peregri-

147 2158 202 2192 nis
217 2158 363 2203 petitas,
381 2165 461 2192 tres.
477 2157 515 2192 Si
531 2157 639 2204 igitur
648 2161 827 2202 peregrine

145 2211 339 2245 retinemus
349 2237 359 2254 ,
373 2210 563 2245 dicendum
574 2237 584 2253 ‚
599 2217 738 2256 poetam
751 2223 827 2245 res-

147 2261 275 2306 pexisse
296 2270 432 2297 tantum
450 2261 492 2296 ad
509 2269 722 2307 postremam
743 2274 827 2296 cau-

147 2313 432 2359 satu—Operam
445 2327 543 2348 suam
558 2322 671 2359 poetae
684 2327 827 2359 compa-

148 2373 228 2401 rant
241 2374 280 2401 ut
288 2380 370 2402 cum
381 2367 602 2412 navigatione
617 2393 626 2410 ,
642 2367 687 2401 ita
699 2374 826 2402 etcum

150 2417 297 2453 decursu
316 2419 352 2453 in
373 2419 485 2454 stadio
513 2426 571 2453 aut
599 2418 722 2461 Circo3
747 2418 803 2454 lv
814 2445 825 2463 ,

154 2482 194 2503 ιο
206 2495 216 2511 ,
231 2471 348 2514 Major
356 2485 436 2505 ama
446 2475 541 2516 equis
549 2475 674 2506 nostris
688 2475 805 2505 teritur
812 2498 822 2511 ,

150 2520 263 2564 majus
278 2534 365 2567 opus
380 2523 556 2556 molimur.
576 2521 682 2556 Cous.
700 2529 735 2556 et
752 2523 825 2566 VI,

152 2572 226 2606 586.
238 2591 284 2599 —
296 2575 424 2608 Aream
436 2601 447 2617 ,
464 2576 501 2609 in
516 2587 585 2620 qua
600 2573 800 2609 decurritur
816 2601 827 2619 ,

152 2636 248 2659 nunc
257 2628 422 2668 pulverem
437 2633 547 2662 vocat.

196 2676 271 2710 351.
288 2677 364 2720 Ipsa
373 2678 573 2723 Lupercalia
587 2679 684 2713 intel.
697 2679 739 2711 de
750 2677 831 2722 qui-

153 2725 218 2760 bus
229 2725 272 2760 ad
287 2740 374 2762 vers.
387 2728 583 2774 267.—Mos
595 2737 645 2764 est
656 2730 761 2775 igitur
774 2730 829 2764 ille
843 2748 849 2753 ·

157 2778 366 2823 Arcadicus,
389 2781 432 2815 ab
450 2780 615 2817 Evandro
631 2783 669 2817 in
693 2783 831 2818 Italiam

1497 1294 1565 1329 365

881 1382 1078 1418 translatus.
1093 1401 1137 1410 ·—
1153 1382 1226 1417 Pro
1241 1385 1419 1427 cornipedi
1429 1383 1564 1420 zulich.

882 1437 1049 1478 cem'pedi
1061 1435 1165 1469 habet
1175 1461 1185 1478 ,
1201 1434 1294 1480 quod
1312 1435 1451 1481 elegans
1465 1436 1565 1472 vide-

882 1487 986 1522 batur
995 1488 1155 1523 Heinsio.
1167 1487 1340 1534 Caprinos
1350 1488 1456 1534 pedes
1466 1489 1568 1524 Fau-

883 1551 950 1582 no,
975 1539 1118 1585 quando
1142 1552 1224 1574 cum
1250 1540 1347 1575 Pane
1373 1540 1570 1576 confunde-

882 1591 1009 1633 batur,
1030 1604 1102 1626 esse
1121 1592 1269 1627 tributos
1282 1618 1292 1635 ,
1312 1592 1385 1637 iam
1403 1606 1506 1639 supra
1522 1593 1566 1627 ad

882 1655 972 1677 vers.
986 1643 1065 1686 268,
1078 1644 1198 1678 notavi
1213 1670 1223 1687 ,
1235 1644 1248 1686 (
1259 1643 1354 1679 unde
1366 1644 1568 1680 Simonides

883 1694 920 1728 in
938 1693 1084 1729 Anthol.
1102 1695 1170 1738 IV,
1190 1707 1223 1740 p.
1239 1696 1325 1739 336,
1343 1699 1392 1732 τᾶν
1400 1700 1564 1746 τραγᾶυυν

884 1752 973 1783 niv«
989 1744 1005 1791 )
1025 1746 1086 1781 sed
1109 1750 1260 1781 cervinos
1279 1748 1311 1782 ei
1328 1747 1426 1783 dedit
1448 1761 1570 1784 nemo.

884 1798 1007 1843 ltaque
1023 1801 1201 1842 cornipedi
1211 1799 1439 1835 retinendum
1450 1827 1460 1843 ,
1473 1808 1509 1835 et
1524 1800 1570 1835 de

883 1851 1022 1885 corneis
1050 1864 1237 1897 caprorum
1262 1851 1408 1897 pedibus
1432 1852 1567 1888 intelli-

884 1901 1051 1948 gendum.
1077 1903 1197 1937 Etiam
1213 1916 1232 1937 a
1249 1902 1336 1938 Silio
1350 1903 1464 1948 xm,
1483 1905 1546 1950 3²7
1557 1930 1570 1948 ,

884 1961 1061 1989 extremus
1072 1954 1179 1989 Panis
1194 1968 1255 2000 pes
1270 1959 1372 1990 imum
1389 1970 1491 1991 cornu
1505 1970 1569 1991 vo—

885 2013 995 2040 catur.
1004 2007 1231 2051 —E-u‘guas,
1247 2020 1376 2054 nempe
1394 2009 1499 2044 unius
1514 2021 1571 2044 ca-

886 2056 995 2102 pellae.
1013 2057 1166 2093 Victima
1180 2071 1287 2103 ema,
1307 2058 1445 2095 femora
1460 2061 1571 2096 excisa
1587 2072 1591 2076 ·

887 2116 923 2143 et
942 2122 1024 2144 cum
1044 2109 1163 2145 frustis
1183 2110 1344 2164 imposita
1370 2111 1470 2158 lignis
1492 2125 1572 2146 cre-

888 2160 1000 2204 mari,
1018 2168 1054 2196 et
1065 2161 1201 2196 interea
1215 2169 1292 2197 exta
1303 2163 1455 2199 verubus
1466 2163 1571 2198 infixa

888 2212 1014 2246 torreri
1024 2219 1202 2258 ,tostaque
1212 2202 1350 2248 comedi
1359 2214 1525 2249 solebant.
1526 2232 1571 2240 --

889 2262 1016 2296 Postea
1025 2262 1131 2297 etiam
1141 2263 1284 2308 reliquae
1295 2265 1447 2299 victima
1456 2272 1571 2310 partes

889 2313 927 2348 in
941 2313 1050 2349 frusta
1064 2315 1211 2350 concisae
1232 2317 1385 2352 verubus
1407 2317 1572 2363 infigun-

889 2374 961 2410 tur,
974 2374 1132 2402 assantur
1140 2375 1175 2403 et
1182 2371 1326 2412 dapibus
1334 2375 1572 2417 apponuntur.

891 2418 962 2454 Sed
974 2418 1007 2453 h.
1022 2419 1043 2453 l.
1056 2419 1122 2454 illae
1135 2427 1250 2465 partes
1261 2426 1409 2456 euom-
1422 2420 1569 2456 nomine

887 2473 1250 2520 comprehenduntur.
1272 2474 1477 2510 Distinctius
1493 2475 1570 2510 Liv.

891 2527 912 2562 Ι
924 2553 933 2569 ,
951 2540 968 2572 7
978 2552 988 2569 ,
1006 2540 1023 2556 κ
1036 2526 1157 2561 Potitii
1170 2526 1213 2559 ad
1227 2532 1366 2572 tempus
1377 2533 1504 2572 prato
1517 2541 1571 2563 es-

892 2593 911 2609 »
927 2586 1007 2613 sent
1020 2605 1029 2620 ,
1049 2579 1158 2622 iisque
1182 2584 1259 2613 exta
1282 2587 1569 2625 apponerentur;

893 2645 911 2659 ιο
930 2628 1061 2663 Pinarii
1074 2655 1084 2672 ,
1100 2629 1187 2664 extis
1202 2629 1313 2665 adesis
1323 2657 1335 2675 ‚
1353 2631 1395 2667 ad
1408 2639 1570 2667 ceteram

894 2694 912 2710 ι»
929 2680 1091 2714 venirent
1107 2679 1244 2726 dapem.
1258 2696 1276 2711 ι·
1289 2700 1334 2708 --
1348 2683 1535 2718 Tmnssuta
1551 2696 1571 2718 e

891 2731 994 2765 variis
1004 2731 1080 2766 lect.
1089 2731 1215 2777 placuit
1224 2733 1386 2777 Heinsio,
1395 2747 1504 2780 quum
1516 2734 1573 2770 alii

891 2786 1057 2829 transfixa
1063 2811 1074 2829 ,
1089 2785 1144 2820 vel
1156 2787 1298 2832 trajecta
1308 2786 1504 2832 preferant.
