1826 3054
238 203 324 249 230

622 209 675 252 Ρ.
718 207 952 254 ovmn
986 210 1278 256 NASONIS

302 297 373 346 Tu
393 298 503 348 mihi
524 301 804 368 propositum
819 339 832 360 ‚
858 313 907 352 tu
928 302 1037 351 mihi
1061 322 1232 371 semper
1254 324 1382 372 opus.

238 372 351 438 Quae
373 374 518 426 decuit
532 415 545 435 ,
567 377 723 445 primis
746 379 838 428 sine
861 379 1041 429 crimine
1062 376 1247 430 lusimus
1268 382 1393 431 aunis
1412 403 1423 431 :

300 454 430 503 Nunc
454 455 611 505 teritur
628 457 795 506 nostris
815 475 913 506 area
936 456 1076 521 major
1098 458 1236 525 equis.
1613 483 1652 507 ιο

235 528 453 599 Tempora
475 553 575 582 cum
599 534 741 584 causis
755 572 768 592 ‚
789 532 1023 584 annalibus
1046 546 1170 584 eruta
1191 535 1347 602 priscis
1361 574 1373 594 ‚

299 611 532 678 Lapsaque
552 610 637 659 snb
663 622 824 669 terras,
851 624 1035 679 ortaque
1054 611 1178 675 signa
1200 631 1323 662 cano.

234 685 449 735 Venimus
472 686 527 736 ad
550 698 777 754 quartum,
800 706 891 755 quo
917 700 965 737 tu
989 686 1294 747 celeberrima,
1317 708 1536 739 mensem:

299 765 361 813 Et
378 775 544 822 vatem,
569 776 613 813 et
635 784 827 815 mensem
848 766 959 834 scis,
983 767 1157 826 Venus,
1182 787 1274 818 esse
1297 780 1411 818 tuos.

234 837 363 891 Mota
385 842 644 908 Cytheriaca
665 842 818 892 leviter
839 862 936 893 mea
960 855 1157 912 tempora
1179 857 1326 912 myrto
1614 861 1650 893 ¹5

300 918 527 981 Contigit;
547 930 615 977 et,
637 931 831 987 coeptum
851 920 1010 988 perfice
1024 958 1037 979 ,
1062 921 1196 979 dixit,
1222 941 1349 989 opus.

233 995 485 1053 Sensimus;
511 1007 556 1044 et
576 995 728 1044 subito
751 1014 891 1046 cansae
913 1008 1094 1063 patuere
1115 996 1284 1047 dierum
1303 1018 1315 1047 ε

297 1074 419 1123 Dum
441 1072 544 1123 licet
558 1111 571 1132 ‚
596 1085 640 1122 et
663 1074 833 1142 spirant
855 1073 1058 1132 flamina,
1082 1075 1206 1123 navis
1228 1087 1310 1124 eat.

230 1152 279 1201 Si
305 1171 389 1219 qua
412 1163 557 1201 tamen
577 1171 682 1220 pars
706 1163 746 1201 te
769 1151 823 1201 de
846 1151 990 1201 Fastis
1014 1163 1190 1216 tangere
1214 1152 1371 1211 debet,

296 1229 462 1286 Caesar,
488 1229 535 1278 in
556 1228 728 1296 Aprili,
753 1248 844 1297 quo
869 1229 1078 1288 tenearis,
1100 1229 1248 1279 babes.
1609 1255 1651 1277 πο

226 1365 418 1411 opponitur
431 1367 560 1400 saucio.
568 1383 613 1391 —
627 1366 702 1400 Tu
710 1368 810 1410 siena
818 1364 907 1400 teli-

227 1420 306 1464 qu1‘‚·
324 1416 483 1452 Tibullus
495 1442 505 1459 ,
527 1416 582 1459 ll,
599 1427 638 1451 vt
650 1442 661 1459 ‚
677 1416 698 1450 6
712 1442 722 1459 ,
739 1415 781 1450 ad
801 1414 907 1461 Cupi-

228 1467 372 1503 dinem:
388 1483 405 1498 α
423 1468 552 1503 iterum
573 1478 739 1502 erronem
761 1467 825 1502 sub
847 1474 907 1502 tua

230 1535 250 1552 τ·
262 1521 360 1567 signa
374 1533 468 1557 voca.
480 1535 497 1550 u
515 1519 690 1555 Militabat
702 1519 830 1554 Noster
842 1519 906 1554 sub

227 1574 373 1608 Venere
386 1598 397 1616 ‚
414 1579 518 1618 atque
537 1571 572 1606 in
589 1570 748 1606 militiam
761 1571 837 1615 ejus
850 1584 907 1606 sa·

228 1630 410 1660 eramento
437 1622 579 1658 adactus
601 1629 685 1658 erat.
719 1623 843 1668 ltaque
871 1629 907 1657 et

228 1690 358 1713 canens
382 1676 606 1722 scribensque
634 1674 678 1710 de
702 1688 743 1711 ea
768 1688 908 1721 semper

228 1731 411 1777 cogitabat.

271 1783 303 1819 8.
328 1784 538 1827 Pmoun-
552 1788 588 1817 et
607 1793 710 1826 opus.
736 1779 882 1816 materia
894 1804 907 1823 ,

229 1847 334 1882 quam
350 1842 479 1876 tractoz
499 1834 667 1871 abstracta
680 1834 727 1870 sic
737 1834 851 1869 solent
861 1832 906 1869 de

228 1886 478 1936 personisdiei3
493 1886 650 1932 exempla
660 1885 798 1930 collegit
813 1884 908 1920 Dra-

229 1939 332 1976 kenb.
342 1938 384 1975 ad
396 1938 522 1975 Silium
531 1963 541 1982 ,
553 1938 641 1974 xvl
652 1963 662 1981 ,
675 1938 749 1982 504.
760 1935 830 1973 Sed
842 1948 907 1983 pro

227 2005 311 2039 opus
334 2003 426 2027 unus
446 1989 635 2026 Vaticanus
654 1991 760 2025 bonos
772 2015 782 2028 .
811 1987 905 2034 quod

229 2045 379 2082 Heinsio
394 2044 561 2092 placet.—
569 2044 706 2080 Primos
720 2043 828 2079 atatis
841 2056 907 2079 an-

227 2111 293 2137 nos
301 2100 415 2134 decen
426 2096 594 2143 putabant
605 2096 709 2140 talem
721 2096 907 2139 lasciviam;

231 2152 408 2188 Amorum
429 2150 482 2186 111
495 2174 505 2192 ,
524 2159 591 2191 ιν,
609 2150 648 2192 4:
664 2163 680 2178 ‹-
693 2149 766 2185 Nec
779 2162 834 2185 me
850 2149 907 2186 de·

231 2221 250 2237 ›-
265 2204 350 2240 licta
366 2202 560 2240 dedecuere
573 2215 671 2238 rnen.
685 2216 702 2232 ι·
716 2203 885 2239 Horatius
895 2230 905 2247 ‚

228 2258 265 2300 1,
285 2256 351 2302 Ep.
367 2266 442 2298 xw,
456 2255 519 2290 36:
533 2269 550 2284 a
566 2255 639 2290 Nec
650 2254 766 2291 lusisse
778 2254 907 2300 pudet,

231 2323 249 2338 υ
266 2306 327 2342 sed
342 2318 414 2342 non
426 2304 579 2341 incidere
595 2305 720 2341 lusum.
732 2321 750 2337 ι·
766 2304 906 2342 Mindi.

231 2373 250 2395 e
269 2359 367 2395 Mss
379 2357 500 2395 Ursin.
516 2364 553 2394 et
568 2358 728 2394 Ambros.
744 2370 817 2394 uno
831 2360 909 2403 Qu

228 2413 358 2451 decan,-
383 2409 443 2446 sed
460 2409 632 2457 oppositio
647 2417 699 2445 est
718 2410 755 2445 in
770 2422 859 2446 nnnc
870 2415 908 2445 et

228 2462 264 2498 in
272 2466 391 2506 pn'm‘s
406 2465 517 2498 σκιὴ.
530 2461 577 2498 lis
587 2461 665 2497 lusit
678 2488 688 2505 ‚
702 2474 779 2508 qua
790 2461 907 2498 deruit

228 2512 362 2548 ludere.
373 2530 417 2539 —
430 2511 589 2559 Operam
604 2525 703 2548 suam
720 2512 826 2549 etiam
845 2512 879 2549 ΙΙ
893 2538 906 2556 .

229 2563 296 2600 360
312 2589 322 2606 .
350 2577 431 2599 eum
453 2564 601 2601 decursu
623 2565 660 2600 in
688 2564 781 2601 circo
799 2576 907 2601 eom-

229 2623 327 2663 parat
343 2642 354 2660 ,
375 2618 475 2662 cuius
490 2618 640 2663 spatium
658 2630 740 2654 am
757 2616 906 2660 diciturg

230 2668 286 2706 111
306 2668 502 2712 Amorum,
524 2680 569 2704 xv
583 2695 594 2713 ,
619 2670 680 2714 18,
704 2668 907 2717 tragediam

227 2721 377 2758 seribere
388 2734 607 2769 aggressurus
617 2723 714 2769 ponit
727 2722 799 2759 hnc
810 2734 818 2757 ε
828 2722 907 2758 1211-

971 1366 1083 1399 sanda
1102 1371 1156 1400 est
1171 1368 1303 1410 anguls
1319 1377 1401 1400 ειη
1421 1366 1532 1408 major
1547 1369 1651 1409 eqm's.

971 1436 1015 1444 —
1042 1415 1363 1462 stupores-..cana
1394 1418 1480 1454 Hac
1502 1418 1651 1463 repetita

972 1482 991 1505 e
1009 1469 1065 1505 tib.
1083 1470 1120 1513 1,
1141 1484 1152 1505 ι
1166 1483 1261 1517 seqq.

1020 1526 1069 1558 15.
1084 1520 1136 1558 Ut
1153 1522 1275 1567 puelle
1291 1521 1486 1568 petulantes
1506 1528 1650 1556 amato-

972 1585 1049 1609 rem
1071 1587 1108 1609 re
1131 1574 1198 1609 levi
1216 1601 1225 1618 ,
1248 1587 1353 1620 quam
1370 1586 1477 1609 manu
1501 1581 1623 1609 tenent
1638 1601 1647 1616 ,

972 1624 1103 1661 feriunt
1114 1651 1125 1669 ,
1149 1626 1197 1661 sic
1214 1627 1337 1661 Venus
1354 1624 1525 1661 Ovidium
1544 1633 1650 1671 myrto

971 1680 1130 1722 coalitam·
1142 1676 1202 1723 qui
1219 1683 1329 1713 tactus
1339 1677 1409 1712 vim
1423 1677 1650 1712 institutionis

972 1725 1130 1763 habebat.
1143 1728 1266 1774 Neque
1279 1728 1368 1763 adeo
1378 1734 1476 1772 erat,
1487 1740 1550 1763 cur
1564 1741 1651 1773 poe-

972 1785 1043 1814 tam
1061 1780 1107 1815 ita
1122 1781 1310 1817 instrueret
1324 1806 1335 1823 ,
1352 1788 1389 1816 ut
1401 1781 1536 1823 Janus,
1553 1780 1610 1815 lib.
1625 1780 1651 1814 Ι.

972 1833 1133 1869 Similem
1140 1840 1259 1869 autem
1269 1834 1340 1869 vim
1351 1834 1387 1869 in
1398 1834 1517 1868 animo
1525 1842 1649 1880 poete,

959 1880 1027 1923 ,m
1046 1886 1123 1922 Art.
1143 1886 1258 1921 Amat.
1275 1886 1340 1927 5³.
1364 1884 1486 1920 solium
1503 1885 1651 1921 habebat

971 1945 1007 1974 et
1022 1951 1128 1985 grana
1146 1937 1189 1974 de
1207 1938 1359 1974 Veneris
1376 1945 1493 1986 myrto
1508 1937 1652 1974 data.-

973 1990 1140 2025 Formam
1166 1992 1365 2038 Cytheriaca
1391 2003 1456 2037 pro
1480 1992 1512 2025 C
1502 1993 1650 2038 filet-en

973 2042 1141 2078 Heinsius
1161 2055 1202 2078 ex
1225 2041 1418 2078 zalichem.
1440 2050 1475 2079 et
1500 2051 1650 2090 quatuor

972 2094 1045 2130 aliis
1063 2094 1170 2130 dedit.

1021 2147 1156 2194 ¹9—60.
1182 2149 1311 2183 cesari
1330 2147 1543 2183 Germanico
1561 2173 1570 2190 ‚
1592 2149 1647 2183 rui

972 2198 1039 2234 hoc
1049 2212 1138 2245 opus
1146 2206 1399 2242 consecratum,
1415 2212 1519 2245 supra
1531 2201 1559 2242 Ι,
1572 2200 1647 2235 init.

972 2251 1189 2287 nobilitatem
1215 2264 1315 2287 suam
1338 2250 1561 2287 commendat
1576 2278 1586 2295 ,
1613 2259 1649 2286 et

971 2315 1110 2339 eausam
1140 2301 1243 2339 simul
1269 2302 1378 2349 aperit
1395 2328 1406 2344 .
1430 2315 1494 2338 cur
1522 2303 1650 2349 Aprilis

972 2356 1056 2391 olim
1066 2355 1261 2392 seeundum
1271 2356 1387 2391 locum
1397 2355 1567 2391 habuerit.
1580 2357 1648 2391 Hic

970 2406 1096 2442 seriem
1115 2407 1263 2443 intexuit
1278 2419 1401 2453 regum
1419 2415 1454 2442 et
1470 2407 1649 2452 Trojano-

971 2471 1051 2494 rum
1066 2466 1102 2495 et
1114 2458 1342 2495 Albanorum.
1355 2459 1466 2495 Locus
1476 2467 1526 2495 est
1541 2459 1649 2495 histo-

970 2512 1062 2548 ricus
1077 2518 1113 2547 et
1129 2512 1281 2547 tenuiter
1295 2512 1451 2558 scriptus.
1464 2531 1510 2539 —
1521 2515 1650 2556 Apum

972 2563 1105 2599 Veneri
1123 2575 1220 2598 sacer
1232 2589 1242 2606 ,
1259 2564 1358 2609 cuius
1375 2577 1482 2611 nepos
1499 2563 1611 2608 lulus,
1628 2577 1648 2598 a

971 2629 1043 2663 quo
1059 2616 1230 2663 originem
1246 2618 1424 2663 repetebat
1434 2618 1527 2653 Julia
1540 2630 1623 2664 gens
1636 2644 1647 2661 ,

970 2671 1008 2707 in
1031 2670 1131 2716 cuius
1148 2672 1354 2706 ”bilime-
1373 2673 1555 2716 aedoplaetns
1571 2677 1648 2706 erat

973 2721 1172 2769 Augustus,
1191 2728 1267 2768 post
1286 2722 1391 2758 etiam
1414 2721 1531 2758 Cam
1547 2720 1646 2757 Ger-
