1826 3054
608 206 999 262 FASTORUM
1037 218 1167 260 Lm.
1198 218 1236 260 1.
1578 236 1625 280 71

285 313 369 360 Vix
390 313 491 377 juga
508 311 748 360 movissent
772 311 967 378 quinque
986 309 1059 359 bis
1079 309 1190 358 illud
1217 329 1341 376 opus.

220 389 387 437 Nititur
409 389 480 436 hic
502 388 720 445 humeris,
744 387 896 437 caelum
920 406 1097 454 quoque
1121 387 1289 446 sederat
1312 386 1399 436 illis
1415 425 1426 446 ‚
1563 403 1626 438 :365

282 468 341 513 Et
363 478 530 514 vastum
553 478 679 514 motu
701 463 1004 514 collabefactat
1023 471 1148 514 on'us.

219 543 353 606 Quod
379 542 508 591 simul
532 543 730 592 evulsum
750 554 819 592 est
833 581 845 601 ‚
870 543 1018 606 fragor
1038 543 1197 592 aethera
1219 542 1375 591 terruit
1395 542 1567 609 ipsum;

282 621 458 686 Ictaque
482 620 685 668 subsedit
707 620 903 687 pondere
926 619 1056 668 molis
1078 620 1254 668 humus.

218 698 362 746 Prima
385 711 530 747 movet
554 700 695 748 Cacus
721 698 877 747 collata
899 698 1048 766 praelia
1071 698 1245 757 dextra;

281 776 480 842 Remque
503 776 624 825 ferox
649 776 764 825 saxis
787 775 1104 842 stipitibusque
1129 776 1254 839 gerit.
1532 807 1536 810 ·
1566 790 1632 836 570

219 850 334 914 Quis
359 854 437 901 ubi
461 853 525 901 nil
549 854 718 915 agitur3
745 853 907 920 patrias
926 852 1038 902 male
1057 853 1184 902 fortis
1208 854 1263 902 ad
1282 865 1397 903 artes

283 930 520 993 Confugit,
545 943 588 979 et
607 931 801 980 flammas
823 950 898 980 ore
920 943 1110 980 sonante
1132 931 1271 979 vomit

218 1008 344 1070 Quas
369 1009 543 1073 quoties
564 1009 745 1074 proflat,
769 1008 934 1075 spirare
955 1009 1166 1076 Typhoea
1191 1009 1364 1069 credas,

282 1085 341 1130 Et
363 1084 565 1150 rapidum
584 1085 758 1134 AEtnaeo
779 1085 930 1148 fulgur
945 1086 1001 1134 ab
1023 1086 1123 1148 igne
1144 1085 1240 1150 jaci.

221 1160 423 1226 Occupat
442 1160 644 1219 Alcides,
669 1162 941 1229 adductaque
963 1161 1082 1212 clava
1104 1163 1292 1211 trinodis

282 1237 370 1284 Ter
391 1248 543 1303 quater
563 1238 733 1287 adversi
755 1239 869 1288 sedit
891 1240 938 1288 in
960 1259 1034 1288 ore
1052 1241 1146 1288 viri.

223 1371 291 1404 Vtae
299 1369 406 1414 juga,
425 1376 488 1405 etc.
507 1369 595 1405 Inde
615 1370 704 1406 vires
724 1370 806 1407 Caci
825 1372 888 1406 in-

217 1419 429 1465 telliguntur.
441 1419 575 1456 Confer
591 1422 645 1457 111
659 1422 805 1457 Metam.
823 1423 862 1458 δι
877 1449 886 1466 ,

216 1477 251 1505 et
275 1476 352 1516 q‘uae
372 1472 419 1506 ibi
443 1474 651 1508 notavimus.
678 1474 888 1520 Magnitudo

215 1524 327 1570 operis
346 1525 452 1560 etiam
470 1539 518 1560 vs.
541 1526 624 1571 567,
651 1540 690 1572 sq
702 1552 712 1571 ,
740 1528 889 1572 graviter

215 1576 430 1620 declaratum
447 1578 494 1612 ita
517 1577 613 1613 enim
639 1578 689 1613 vis
713 1579 888 1614 Herculea

213 1629 386 1665 illucescit.

257 1681 330 1716 565.
349 1681 541 1717 certamen
560 1682 674 1728 ipsum
686 1709 696 1726 ‚
711 1682 802 1728 quod
815 1682 888 1728 plu-

211 1733 306 1769 ribus
320 1734 498 1781 descripsit
514 1734 611 1780 Virg.
623 1734 705 1770 inde
720 1749 738 1769 a
750 1749 798 1770 vs.
812 1735 887 1770 230.

214 1785 294 1820 Non
308 1786 413 1822 facilis
427 1787 474 1821 ibi
489 1787 634 1822 Herculi
649 1787 766 1822 labor:
781 1802 798 1818 «
814 1788 888 1823 Ter

212 1853 229 1868 ›·
245 1851 343 1874 saxea
355 1846 467 1874 tentat
477 1839 615 1874 Limina
625 1840 865 1885 nequidquam
877 1853 886 1875 :

214 1907 232 1923 »ι
249 1900 303 1928 ter
323 1893 430 1929 sessus
454 1893 540 1929 valle
563 1893 701 1929 resedit.
717 1909 735 1924 »
760 1895 889 1929 Noster

215 1943 352 1989 dignius
369 1945 560 1980 Herculem
579 1945 889 1991 descripsit—Hu-

215 1999 312 2029 mert's
326 1998 440 2030 celum
454 1996 632 2041 portabat,
645 2009 753 2042 quum
767 1995 892 2031 Atlan-

214 2054 286 2081 tem
296 2045 339 2080 ad
350 2047 439 2082 mala
453 2047 689 2093 Hesperidum
705 2054 888 2094 apportan-

215 2097 259 2132 da
270 2098 424 2134 misisset.
435 2098 525 2133 Vide
536 2099 578 2134 ad
591 2100 644 2134 lx
654 2100 802 2135 Metam.
818 2101 889 2147 198.

212 2150 372 2184 —Sedere
382 2176 391 2189 ,
402 2149 504 2184 simul
516 2149 689 2185 firmitatis
704 2151 887 2186 notionem

213 2203 324 2237 inesse
348 2209 458 2247 putes.
484 2203 637 2246 Plinius,
668 2203 754 2237 Pan.
769 2215 791 2238 x
804 2229 813 2246 ,
838 2204 860 2238 6
876 2218 886 2246 ;

215 2268 231 2283 κ
250 2266 355 2299 quam
377 2254 467 2289 bene
486 2254 641 2290 humeris
657 2255 724 2289 tuis
746 2254 884 2291 sederet

214 2319 232 2336 »
248 2306 437 2351 imperium
448 2321 465 2336 »
479 2332 489 2350 ,
506 2307 565 2341 ubi
577 2306 646 2341 vid.
663 2306 837 2342 Schwarz.
853 2313 889 2342 et

214 2371 289 2393 nos.
301 2357 483 2394 Claudian.
502 2359 603 2405 Rapt.
616 2358 815 2404 Pros.praes.
829 2361 889 2405 47:

218 2426 235 2440 «ι
254 2411 405 2446 Firmior
426 2411 600 2447 Herculea
623 2411 777 2447 mundus
803 2425 888 2447 cer-

217 2477 235 2493 »
252 2463 324 2498 vice
339 2463 513 2510 pependit.
528 2466 776 2499 ›»—Evulsum.
793 2464 888 2499 Nea-

218 2515 285 2561 pot.
298 2519 448 2563 cambum
463 2517 580 2561 malit,
597 2518 678 2563 quia
690 2518 790 2564 Virg.
806 2518 886 2565 ²37²

219 2583 236 2598 «
254 2568 384 2605 Dexter
400 2570 437 2604 in
458 2569 642 2605 adversum
664 2571 779 2605 nitens
795 2583 888 2605 con-

220 2634 238 2650 »
253 2620 375 2664 cussit,
390 2629 425 2657 et
442 2622 521 2657 imis
534 2622 699 2658 Avulsam
714 2623 815 2657 solvit
831 2635 889 2657 ra-

221 2686 239 2702 »
257 2672 397 2708 dicibus.
414 2687 432 2704 ι
452 2674 499 2709 Et
514 2675 594 2720 quia
609 2680 662 2709 est
676 2688 694 2709 a
711 2673 786 2709 cod.
802 2687 888 2709 non-

219 2723 321 2759 nullis
335 2724 428 2761 abest
445 2752 456 2770 ,
475 2726 640 2765 Heinsius
654 2725 795 2770 suadet,
817 2727 890 2770 Quo

954 1375 1061 1407 simul
1081 1374 1199 1407 avulso
1228 1371 1298 1406 sive
1323 1384 1438 1407 averso
1453 1398 1460 1408 .
1493 1378 1554 1407 aut
1576 1376 1636 1406 cui

953 1428 1062 1460 simul.
1093 1425 1214 1459 Burm.
1236 1424 1331 1460 addit
1354 1427 1458 1458 simul
1476 1423 1630 1459 construi

954 1477 1035 1511 edm
1048 1475 1389 1511 ablativoss—AEthera
1399 1478 1522 1508 terruit.
1532 1475 1630 1520 Virg.

955 1528 1139 1575 «impulsu
1159 1555 1168 1572 ,
1200 1540 1269 1573 quo
1295 1527 1464 1561 maximus
1493 1527 1631 1561 insonat

954 1592 973 1609 »
992 1579 1109 1614 aether.
1124 1593 1142 1609 »
1160 1578 1229 1615 Sed
1242 1584 1357 1614 tcr'rui!
1369 1579 1504 1625 gravius
1513 1577 1632 1613 etiam,

997 1630 1072 1680 569.
1088 1633 1337 1677 Aloeelproele'a.
1357 1631 1502 1678 Dionys.
1517 1633 1632 1680 Tpe'm-

953 1685 1005 1720 τοὶι
1027 1688 1095 1734 ερὲς
1115 1685 1217 1725 ἀλκήν.
1238 1703 1283 1710 -
1298 1686 1393 1718 Male
1394 1683 1501 1729 sortis
1517 1710 1525 1721 ,
1557 1695 1629 1716 non

952 1736 1068 1780 sortis,
1088 1739 1142 1772 IV
1156 1736 1302 1773 Metam.
1318 1737 1575 1772 285.—Patrms
1584 1737 1635 1769 ad

952 1795 1046 1828 artes,
1063 1788 1167 1824 habet
1183 1803 1202 1823 a
1220 1789 1321 1835 Virg.
1339 1803 1356 1819 «ι
1375 1788 1464 1823 illius
1487 1789 1636 1822 Vulcani

955 1854 973 1871 »ι
984 1844 1095 1885 patris
1121 1847 1212 1875 atros
1239 1840 1314 1875 Ore
1338 1831 1494 1886 vomeri&
1510 1839 1628 1884 ignes,

955 1907 972 1923 »
989 1904 1115 1938 magna
1128 1905 1164 1927 se
1178 1892 1270 1926 mole
1287 1891 1431 1926 serebat.
1451 1905 1469 1921 v»
1484 1890 1579 1924 Tum
1593 1890 1630 1924 in

953 1957 1069 1991 pugna
1079 1946 1150 1991 ipsa
1162 1959 1247 1980 vers.
1265 1948 1327 1980 252
1339 1957 1374 1978 εκ
1386 1943 1558 1978 Faucibus
1575 1942 1632 1977 in-

954 2009 973 2026 »
990 2003 1131 2042 gentem
1155 1997 1292 2030 fumum
1306 2021 1315 2038 ,
1336 1994 1492 2029 mirabile
1512 1993 1606 2028 dictu
1620 2020 1629 2036 ,

954 2061 973 2078 >v
990 2047 1133 2083 Evomit
1146 2074 1156 2091 ,
1174 2047 1387 2092 involvitque
1406 2044 1552 2081 domum
1573 2058 1633 2081 ca·-

953 2114 973 2131 ι»
989 2100 1093 2146 ligine
1107 2113 1194 2135 caeca
1207 2126 1216 2144 ,
1234 2100 1463 2144 prospectum
1481 2098 1631 2143 eripiens

954 2167 972 2184 n
992 2153 1098 2187 oculis
1112 2159 1176 2187 etc.
1191 2167 1208 2182 »
1222 2151 1277 2186 De
1301 2152 1455 2198 Typhoeo
1473 2150 1552 2184 vide
1573 2150 1629 2184 111

953 2203 1101 2238 Metam.
1112 2203 1176 2238 303
1186 2217 1194 2244 ;
1207 2204 1254 2246 V,
1266 2203 1350 2247 3463
1364 2201 1458 2236 unde
1469 2207 1611 2247 apparet
1620 2226 1630 2243 ,

951 2255 1017 2292 hac
1045 2257 1304 2303 comparatione
1328 2256 1409 2292 satis
1439 2254 1629 2290 terribilem

952 2308 1067 2343 notari
1089 2308 1440 2344 Cacum.-Adduc!a
1455 2309 1554 2341 clava
1566 2333 1573 2346 ,
1592 2313 1632 2340 ut

953 2361 1006 2396 IV
1030 2361 1135 2396 Trist·
1161 2373 1191 2396 11
1206 2387 1216 2405 ,
1244 2364 1264 2396 5
1283 2388 1294 2407 ‚
1320 2363 1468 2396 adducta
1493 2363 1630 2395 securis.

953 2413 1045 2448 Vide
1068 2412 1246 2448 Drakenb.
1268 2411 1311 2447 ad
1336 2412 1396 2448 Sil.
1414 2413 1454 2454 1,
1476 2410 1551 2455 334.
1571 2411 1628 2446 De

953 2464 1228 2510 tormentis,quae
1236 2464 1272 2498 in
1278 2463 1484 2507 tenduntur,
1494 2462 1629 2509 legatur

954 2515 1139 2552 Cic.Tusc.
1152 2516 1187 2551 11
1197 2541 1208 2559 ‚
1221 2517 1271 2559 ²4·
1284 2515 1316 2550 A
1326 2514 1425 2560 Virg.
1438 2526 1520 2558 220,
1533 2513 1628 2548 clava

952 2568 1007 2602 illa
1021 2569 1120 2603 nodis
1129 2572 1302 2614 gravatum
1314 2568 1414 2601 robur
1424 2572 1575 2601 Vocatur.
1584 2585 1628 2591 —

951 2621 1046 2655 Sedit
1056 2623 1092 2654 in
1107 2633 1178 2660 ore,
1197 2615 1326 2655 inflicta
1339 2612 1390 2654 est
1405 2619 1468 2653 ori.
1481 2617 1537 2653 De
1552 2617 1628 2652 telis

951 2684 1076 2717 corpus
1098 2670 1359 2717 penetrantibus
1380 2683 1468 2717 saepe
1492 2670 1628 2716 legitur.

954 2743 998 2752 -
1008 2726 1161 2761 Adversa
1171 2751 1182 2769 ,
1209 2737 1286 2771 quae
1301 2724 1376 2771 quis
1391 2724 1455 2760 sibi
1474 2722 1630 2769 opposita
