1826 3054
502 243 890 290 FASTORUM
926 243 1058 287 LIB.
1101 243 1174 286 11.

1477 238 1556 281 105

143 342 268 390 Sicut
291 358 418 406 aper,
442 337 562 387 silvis
582 337 716 399 longe
739 335 1034 385 Laurentibus
1055 339 1177 383 actus
1191 370 1202 390 ,

206 418 435 466 Fulmineo
451 415 616 465 celeres
638 415 824 481 dissipat
845 432 920 462 ore
943 430 1098 469 canes3

144 495 417 554 Mox‘ftamen
439 492 532 559 ipse
557 492 672 558 perit
694 512 704 539 :
732 491 794 540 sic
815 510 910 539 non
931 490 1185 538 moriuntur
1207 485 1367 545 inulti;

208 570 487 637 Vulneraque
511 568 676 618 alterna
700 568 891 634 dantque
914 568 1148 633 feruntque
1172 583 1317 613 manu.

144 651 244 697 Una
268 649 361 697 dies
385 647 547 696 Fabios
568 647 621 695 ad
646 645 812 694 bellum
838 646 1012 694 miserat
1034 664 1185 694 omnes
1204 681 1216 702 ,

1502 653 1567 689 235

208 727 281 774 Ad
301 726 467 774 bellum
490 725 651 773 missos
670 723 866 790 perdidit
887 742 974 771 una
998 722 1104 770 dies.

145 806 210 852 Ut
232 817 374 852 tamen
400 802 626 852 Herculeae
650 811 929 867 superessent
950 798 1114 848 semina
1138 797 1306 861 gentis,

213 881 434 931 Credibile
457 893 523 930 est
546 881 671 946 ipsos
691 877 962 927 consuluisse
987 877 1120 924 Deos.

148 962 260 1008 Nam
281 980 391 1027 puer
413 959 641 1026 impubes,
668 970 713 1006 et
733 957 875 1005 adhuc
892 974 986 1003 non
1007 953 1136 1015 utilis?
1147 952 1279 1001 armis
1296 989 1308 1009 ,

213 1040 341 1086 Unus
366 1039 419 1086 de
440 1038 578 1086 Fabia
602 1047 730 1100 gente
751 1034 931 1083 relictus
954 1044 1047 1081 erat
1067 1052 1078 1080 :

155 1115 330 1164 Scilicet
351 1127 402 1163 ut
423 1133 578 1181 posses
602 1112 706 1160 olim
729 1124 801 1169 tu,
825 1111 1043 1166 Maxime,
1067 1110 1214 1166 nasci;

219 1192 304 1239 Cui
325 1211 393 1239 res
418 1189 667 1238 cunctando
688 1187 956 1237 restituenda
980 1186 1106 1234 foret.

156 1269 466 1317 CONTINUATA
486 1267 587 1315 loco
612 1267 692 1315 tria
717 1266 882 1321 sidera,
909 1264 1086 1311 Corvus
1099 1273 1143 1309 et
1163 1260 1361 1324 Anguis,

219 1347 280 1393 Et
301 1345 471 1393 medius
496 1345 649 1393 Crater
671 1343 785 1391 inter
807 1353 1044 1406 utrumque
1062 1339 1189 1404 jacet.

199 1456 273 1489 231.
292 1455 477 1488 Laurentes
498 1456 578 1496 apri
596 1452 722 1498 passim
745 1464 830 1486 me-

156 1514 348 1543 morantur.
368 1506 460 1540 Vide
488 1506 614 1540 Heins.
637 1505 680 1539 ad
705 1505 739 1539 h.
755 1505 777 1538 l.
795 1511 831 1539 et

155 1559 270 1594 Bentl.
290 1558 331 1592 ad
346 1557 535 1593 Horatium
548 1583 557 1600 ,
575 1556 689 1602 Epod.
704 1556 757 1599 V,
777 1557 829 1591 28.

156 1612 254 1646 Bene
270 1610 376 1655 igitur
400 1610 524 1644 Heius.
549 1611 771 1643 Laurentibus
789 1620 831 1641 ex

158 1662 295 1697 duobus
310 1662 441 1696 Matar.
467 1661 603 1695 duobus
627 1661 771 1695 Fames.
796 1666 832 1694 et

157 1727 229 1749 uno
247 1714 358 1749 Vatic.
384 1714 577 1757 revocavit,
597 1726 707 1759 quum
730 1719 832 1747 antea

156 1770 332 1803 latrat1'bus
347 1767 521 1802 ederetur.
535 1785 580 1792 -—-
593 1768 762 1801 Fulmineo
778 1778 834 1799 ore

157 1822 310 1864 dissipat.
331 1819 386 1854 Cf.
404 1821 419 1854 l
433 1820 521 1855 Met.
532 1821 616 1862 305;
635 1820 744 1862 VIII,
758 1820 833 1866 289.

202 1873 277 1906 235.
303 1874 344 1907 ln
370 1872 515 1906 interitu
535 1884 656 1907 rerum
680 1883 831 1917 magna-

159 1936 239 1957 rum
254 1925 437 1969 scriptores
462 1925 541 1958 talia
562 1932 685 1959 notare
708 1923 831 1958 solent.

160 1975 235 2009 Liv.
254 1977 269 2010 1
284 2002 293 2019 ,
305 1989 366 2022 29,
379 1976 422 2010 de
436 1976 534 2010 Atbae
552 1976 684 2011 excidio
697 1989 706 2010 z
719 1990 737 2005 κ
750 1976 836 2010 Una

160 2042 180 2058 ³»
198 2027 283 2062 hora
300 2027 636 2073 quadringentorum
659 2040 836 2062 annorum

160 2093 180 2110 ³»
198 2092 284 2125 opus
295 2079 426 2114 excidio
437 2092 475 2114 ac
485 2079 595 2114 ruinis
605 2078 711 2114 dedit.
730 2095 747 2109 ›·
763 2079 835 2114 Sed

162 2145 257 2166 nunc
280 2132 373 2166 tusus
389 2132 424 2166 in
442 2131 568 2177 duplici
591 2145 660 2166 una
682 2134 754 2166 dies
773 2145 837 2177 pa·-

161 2195 241 2216 rum
259 2182 378 2228 placet.
393 2182 491 2228 Quid
504 2183 600 2217 enim
610 2183 754 2226 mirum,
767 2195 839 2217 una

163 2235 219 2269 die
236 2236 311 2270 illos
326 2248 398 2270 esse
422 2235 542 2270 missos
564 2235 606 2269 ad
624 2235 780 2269 bellum?
796 2254 840 2261 —

163 2285 218 2320 De
229 2300 296 2321 uno
308 2287 415 2321 Fabio
425 2294 561 2322 servato
569 2294 677 2322 veter.
690 2300 842 2322 consen-

163 2339 267 2374 tiunt.
284 2340 442 2374 Dubium
459 2347 576 2375 movet
593 2340 760 2387 Dionys„
779 2339 841 2374 sed

164 2391 300 2425 frustra.
313 2391 456 2426 sienim
469 2418 479 2436 ‚
489 2399 529 2427 ut
542 2405 646 2438 supra
661 2399 842 2427 ostensum

165 2448 219 2476 est
231 2468 241 2484 ,
264 2444 362 2487 pauci
377 2451 515 2479 tantum
531 2445 629 2479 Fabii
654 2444 689 2478 id
709 2444 841 2479 bellum

169 2502 412 2539 susceperunt,
430 2496 507 2531 fieri
523 2495 619 2531 facite
646 2495 779 2541 potuit,
803 2502 843 2529 ut

168 2543 218 2577 illi
232 2545 284 2578 vel
298 2558 368 2581 nou
385 2547 449 2582 nisi
463 2561 575 2582 unum
591 2548 704 2582 filium
721 2548 839 2592 impu-

168 2594 291 2628 berem
307 2597 490 2633 habuerint
502 2625 512 2642 ,
527 2599 581 2634 vel
597 2599 730 2645 plures,
742 2611 841 2643 quo-

170 2658 252 2679 rum
270 2659 359 2682 unus
373 2655 510 2684 tantum
531 2650 575 2684 ad
593 2651 728 2685 virilem
751 2657 842 2685 aeta-

172 2704 246 2731 tem
262 2702 468 2743 pervenerit.
484 2703 567 2737 Vid.
585 2704 745 2738 Perizon.
759 2703 843 2737 Ani-

173 2751 264 2786 mad.
281 2751 358 2789 hist.
373 2767 444 2800 cap.
462 2759 492 2791 5.
509 2757 606 2792 Fabii
628 2764 745 2794 autem
771 2757 844 2801 jam

896 1457 979 1485 ante
994 1449 1120 1483 urbem
1131 1447 1310 1484 conditam
1325 1446 1418 1481 inter
1431 1445 1577 1485 Romuli
1600 1479 1605 1484 ,

895 1511 931 1538 et
952 1502 1058 1537 Remi
1081 1501 1227 1536 comites
1256 1500 1380 1543 fuisse,
1407 1507 1510 1545 atque
1532 1500 1575 1534 ab

893 1558 1039 1591 Hercule
1064 1568 1106 1590 ex
1130 1553 1287 1588 Evandri
1320 1553 1389 1587 fitia
1415 1552 1578 1598 prognati

895 1621 967 1643 esse
984 1606 1222 1642 tradebantur.
1233 1605 1315 1641 Vid.
1323 1604 1468 1651 Pighius
1479 1605 1576 1639 Ann.

896 1661 939 1696 ad
954 1673 982 1695 a.
999 1660 1074 1705 473.
1092 1678 1137 1686 —
1149 1659 1180 1694 A
1198 1658 1304 1702 Silio,
1322 1660 1470 1693 Penates
1483 1659 1579 1691 Her-

895 1714 987 1746 culei
1001 1713 1190 1754 irnplemsse
1206 1713 1343 1754 privata
1370 1715 1486 1743 castra
1515 1708 1578 1742 di·-

896 1770 1038 1799 cuntur.
1052 1782 1096 1789 —
1114 1765 1189 1797 Non
1215 1765 1311 1797 utilis
1336 1764 1461 1802 σηπίη
1491 1761 1579 1795 Ho-

897 1816 1005 1851 ratius
1017 1842 1026 1858 ,
1040 1816 1078 1858 1,
1093 1814 1164 1850 od.
1180 1825 1235 1849 111
1247 1841 1256 1858 ,
1270 1817 1310 1858 4²
1321 1840 1331 1858 ,
1346 1812 1477 1848 Curius
1485 1816 1583 1848 utilis

897 1870 996 1902 bello.
1012 1885 1057 1893 —-
1077 1866 1202 1901 Idonei
1218 1866 1324 1900 armis
1346 1865 1500 1900 serendis
1509 1879 1580 1909 pu-

898 1924 956 1956 bes
971 1921 1146 1956 dicuntur.
1163 1920 1299 1963 Livius,
1318 1919 1411 1955 VIII
1422 1945 1433 1963 ,
1453 1921 1493 1962 8,
1505 1932 1579 1964 pu·-

898 1976 1070 2008 bescentes
1084 1974 1135 2007 ad
1148 1974 1315 2006 militiam.

953 2027 1018 2070 ²43
1029 2045 1052 2050 -
1067 2025 1142 2060 266.
1178 2026 1281 2059 Ortus
1311 2026 1410 2058 trium
1437 2025 1582 2058 saletum

900 2077 1127 2125 aci-onychius
1147 2090 1156 2112 z
1172 2089 1326 2122 quorum
1341 2076 1441 2122 origo
1459 2087 1585 2110 narra-

902 2138 970 2166 tur.
980 2150 1025 2158 -
1033 2133 1167 2175 Anguis
1176 2157 1185 2171 ,
1203 2130 1332 2165 scilicet
1342 2128 1466 2176 hydra,
1475 2127 1584 2163 cauda

904 2181 1076 2217 Centauri
1091 2189 1196 2228 caput
1221 2194 1321 2228 paene
1343 2188 1484 2226 tegens,
1506 2193 1583 2214 sus-

903 2236 991 2269 tinet
1011 2235 1048 2269 in
1068 2235 1172 2270 dorso
1187 2249 1336 2275 corvum,
1366 2242 1481 2269 rostro
1498 2246 1585 2268 cor-

904 2299 970 2331 pus
980 2287 1055 2330 eius
1064 2286 1274 2322 tundentem
1290 2293 1326 2320 et
1340 2284 1588 2320 cratera.—-Sic

906 2336 963 2370 illa
979 2341 1174 2372 continuata
1188 2340 1273 2377 loco,
1285 2337 1496 2372 cohaerentia
1506 2335 1586 2370 nul·

905 2389 942 2423 lo
958 2388 1151 2424 intervallo.
1162 2388 1245 2423 Vid.
1258 2389 1390 2436 Hygia.
1403 2389 1444 2422 P.
1458 2388 1502 2422 A.
1515 2387 1587 2431 111,

906 2442 971 2488 393
992 2440 1145 2476 fabulam
1165 2448 1284 2476 autem
1299 2441 1414 2484 idem,
1438 2440 1496 2483 ΙΙ,
1520 2441 1588 2484 40,

906 2494 1216 2528 narrat—Medius
1229 2497 1315 2528 inter
1322 2499 1508 2538 utrumque,
1532 2492 1591 2526 in-

907 2554 962 2581 ter
975 2559 1121 2582 corvum
1140 2546 1287 2581 caudam
1298 2545 1419 2593 bydrae
1435 2544 1590 2580 tunden-

906 2605 979 2633 tem
996 2606 1030 2632 et
1048 2605 1152 2644 caput
1172 2597 1292 2645 hydrae
1310 2597 1589 2632 elatum.—Pro

896 2651 998 2695 jacet
1010 2663 1101 2685 unus
1120 2650 1231 2685 Vatic.
1246 2653 1365 2691 nt'cat,
1389 2648 1484 2694 quod
1505 2661 1589 2682 sane

908 2711 1002 2740 recte
1029 2703 1072 2738 de
1087 2703 1200 2738 sidere
1216 2703 1355 2738 dieitur.
1378 2702 1450 2738 Sed
1466 2700 1588 2736 credi-

908 2757 977 2793 bile
991 2763 1055 2800 est,
1069 2763 1222 2802 poetam,
1234 2768 1345 2801 quum
1358 2754 1426 2790 boe
1440 2753 1589 2789 verbum
