1826 3054
513 230 582 274 IN
614 228 854 274 OVIDII
894 225 1180 271 FASTOS.
1467 227 1551 268 505

140 324 282 388 gentis
305 335 523 372 auctorem
543 333 682 370 vocat.
709 320 966 370 -Romani
990 318 1298 386 etymologiam
1319 319 1453 383 hujus
1475 338 1556 367 no-

139 401 269 449 minis
289 399 480 467 proprfi,
506 397 627 464 qnod
640 398 729 445 fere
746 416 844 446 cum
859 398 985 446 Anco
1008 396 1218 462 (nomine
1239 395 1343 443 item
1363 396 1557 458 sabino)

141 478 369 526 convenire
387 476 569 533 videtur,
586 495 612 523 a
627 474 845 523 sanciendo
863 485 1128 541 quaerentes,
1148 471 1249 520 inde
1265 490 1361 519 eum
1374 473 1402 518 J
1406 490 1527 519 ovem
1543 509 1555 529 ‚

138 554 469 604 sanciendorum
502 553 716 604 soederum
745 552 974 619 praesidem
995 588 1006 609 ‚
1041 550 1472 617 interpretabantur,
1512 561 1556 597 et

136 631 297 680 soedera
314 630 354 679 ei
373 650 493 680 sacra
516 631 745 697 putabant.
769 629 953 696 Dionys.
980 629 1062 686 IV,
1086 645 1180 693 cap.
1202 638 1345 683 LVIII,
1364 645 1408 692 p.
1435 625 1554 691 2573

136 708 223 764 IX,
241 726 285 773 p.
306 705 361 753 61
373 725 397 773 7
426 710 495 769 (ἐν
518 712 606 772 ἱερῷ
622 712 717 760 Διὸς
732 711 874 761 Hcs-{ov
897 709 939 754 ὃν
963 700 1135 768 Ρωμαῖοι
1154 710 1327 766 Σάγκτου
1346 704 1555 764 καλοῦσι).

136 785 247 832 Post
281 803 374 833 eam
409 785 811 852 interpretationem
848 785 1021 833 demum
1060 782 1131 831 dei
1171 782 1285 830 Fidii
1308 819 1321 839 ‚
1355 780 1556 829 Fidionis

134 879 295 908 nomen
319 861 357 909 ei
382 862 570 910 inditum
592 862 792 921 videtur,
814 875 859 911 et
882 881 934 910 ex
959 881 1011 910 eo
1036 873 1132 910 orta
1150 859 1432 908 commutatio
1457 877 1556 906 cum

135 938 326 988 Hercule
345 977 358 997 ‚
396 958 526 1006 quem
562 940 610 987 in
641 940 925 1005 jurejurando
962 938 1067 987 alias
1103 938 1305 986 invocare
1342 936 1553 985 solebant.

132 1017 505 1084 Frequentissima
518 1018 716 1066 omnium
728 1017 818 1066 hoec
828 1014 1138 1073 commutatio,
1155 1026 1199 1063 et
1213 1015 1379 1062 Sancus
1392 1012 1557 1079 passim

134 1094 310 1141 nonnisi
329 1112 574 1156 cognomen
596 1094 801 1143 Herculis
819 1093 1078 1161 putabatur;
1108 1091 1228 1158 quod
1244 1091 1445 1156 Propert.
1466 1090 1555 1147 IV,

135 1182 185 1217 Ix
199 1208 211 1227 ‚
239 1172 322 1236 74,
349 1171 404 1219 ab
430 1171 539 1219 orbe
557 1183 767 1220 terrarum
789 1172 994 1220 manibus
1017 1170 1110 1219 suis
1133 1168 1390 1224 sanciendo,
1405 1167 1449 1214 id
1468 1178 1556 1223 est,

134 1249 390 1313 purgando,
412 1249 589 1298 derivat.
610 1251 676 1315 (?)
691 1250 828 1299 Aliud
841 1269 1083 1313 cognomen
1100 1248 1240 1303 Semo,
1258 1248 1400 1295 Sanco
1424 1245 1557 1308 vulgo

135 1325 347 1383 inditum,
375 1327 496 1393 quod
514 1327 758 1376 semihomo
782 1327 1029 1395 explicant,
1054 1327 1201 1376 nescio
1226 1344 1316 1392 quo
1329 1326 1425 1390 jure
1443 1324 1560 1371 fato·-

135 1423 221 1470 que
242 1405 289 1452 in
312 1404 439 1454 libris
460 1407 766 1472 antiquitatem
784 1406 1129 1473 explicantibus,
1149 1405 1204 1452 ad
1224 1423 1376 1452 omnes
1398 1403 1558 1450 heroas

135 1493 178 1528 et
200 1482 414 1531 semideos
438 1483 637 1541 transiit;
662 1503 783 1550 aeque
803 1484 1053 1533 mirandum
1076 1502 1145 1531 me
1164 1482 1327 1548 judice,
1353 1499 1403 1528 ac
1427 1480 1465 1527 si
1489 1479 1559 1527 di-

133 1559 345 1608 visionem
376 1559 495 1608 illam
529 1561 576 1608 in
612 1561 716 1609 deos
745 1561 963 1626 majorum
1003 1572 1045 1609 et
1077 1561 1298 1609 minorum
1334 1557 1555 1620 gentium,

134 1656 265 1703 quam
287 1637 375 1685 fere
397 1638 545 1702 jocose
578 1637 669 1686 Cic,
702 1639 836 1686 Tusc.
858 1639 910 1693 I,
950 1636 1005 1684 13
1021 1674 1033 1695 ‚
1068 1656 1092 1684 a
1115 1648 1271 1686 senatu
1293 1653 1477 1684 romano
1503 1633 1558 1680 ad

134 1713 243 1762 deos
268 1714 474 1762 transfert
507 1714 529 1779 (
549 1713 655 1763 alibi
683 1715 813 1762 etiam
836 1715 891 1763 ad
916 1714 1090 1763 Stoicos
1110 1753 1123 1772 ‚
1157 1713 1291 1762 Acad.
1316 1714 1399 1770 IV,
1426 1712 1483 1772 [μ
1510 1711 1556 1775 ),

133 1802 354 1857 tamquam
391 1792 550 1858 priscis
585 1791 825 1840 solemnem
863 1792 909 1839 in
941 1791 1068 1839 libris
1104 1789 1412 1857 mythologicis
1444 1788 1558 1837 serio

132 1866 334 1934 adoptari
354 1869 577 1927 videmus;
602 1889 740 1935 quum
755 1869 952 1927 Stoicos,
974 1869 1022 1917 in
1043 1887 1155 1935 quos
1176 1867 1369 1916 eamdem
1387 1865 1561 1914 divisio-

133 1965 233 1994 nem
260 1946 466 1996 transfert
483 1984 495 2004 ,
529 1948 575 1994 in
605 1948 819 2013 majorum
849 1960 894 1996 et
917 1947 1140 1996 minorum
1165 1946 1363 2008 gentium
1385 1945 1560 1992 Stoicos

135 2025 252 2072 serio
277 2025 470 2074 dividere
493 2045 583 2074 non
607 2025 731 2074 facile
757 2026 828 2074 cui
850 2026 896 2073 in
919 2038 1110 2075 mentem
1133 2025 1289 2074 veniat.
1322 2024 1444 2071 Citra
1477 2022 1563 2070 du-

136 2103 262 2151 bium
288 2103 343 2150 ab
368 2103 551 2169 antiqua
568 2105 807 2170 scriptura,
827 2102 895 2151 vel
914 2122 937 2151 e
960 2104 1104 2151 Fastis
1122 2103 1264 2150 Praen.
1286 2113 1392 2150 nota
1414 2101 1459 2165 (i
1477 2119 1562 2167 pro

134 2199 157 2228 e
173 2217 185 2237 ‚
208 2180 357 2231 Viniri
377 2199 460 2246 pro
476 2183 683 2242 Venere)
704 2180 951 2247 profectum
970 2191 1038 2228 est
1050 2216 1061 2237 ,
1085 2179 1123 2226 si
1143 2178 1464 2235 Tertullianus,
1485 2178 1563 2244 qui

134 2259 317 2315 Simoni,
346 2256 446 2307 Deo
468 2258 621 2308 Sancto
645 2258 810 2326 templo
836 2258 1097 2325 inscriptum
1119 2256 1281 2320 legeret
1301 2295 1314 2316 ‚
1339 2257 1563 2306 Simonem

135 2354 309 2397 magum
345 2336 483 2399 (Act.
514 2336 655 2393 VIII,
691 2334 792 2400 18)
823 2336 978 2384 Romae
1005 2334 1174 2384 cultum
1196 2335 1283 2383 sibi
1321 2334 1563 2402 deprehen-

139 2411 254 2460 disse
270 2411 525 2469 videbatur;
553 2411 650 2459 vide
669 2413 807 2478 Neap.
833 2412 891 2460 ad
914 2414 1008 2469 VI,
1032 2411 1141 2459 213.

201 2486 271 2533 Ad
294 2487 492 2535 eumdem
512 2485 729 2553 populum
747 2487 941 2553 pertinet
961 2488 1041 2536 dea
1060 2487 1258 2553 quaedam
1277 2486 1455 2545 bellica,
1476 2506 1560 2553 pro

138 2581 272 2610 uxore
286 2564 446 2612 Martis
470 2564 533 2611 ibi
555 2564 728 2620 habita,
750 2565 930 2613 Neriene
944 2604 956 2620 ‚
982 2564 1119 2613 Nerio
1136 2602 1148 2622 ‚
1168 2564 1303 2613 Neria
1326 2564 1410 2629 (ut
1420 2565 1561 2623 Anio,

140 2639 283 2688 Anien
303 2640 325 2704 )
361 2660 492 2706 quam
519 2641 649 2690 docta
676 2640 975 2707 disputatione
1006 2660 1058 2690 ex
1080 2642 1244 2700 Ennii,
1269 2641 1430 2690 Licinii
1454 2641 1562 2690 alio-

138 2736 319 2782 rumque
349 2715 458 2766 locis
478 2718 671 2767 vindicat
698 2717 810 2767 Gelt.
837 2719 949 2767 XIII
965 2756 978 2778 ‚
1004 2735 1094 2776 22;
1124 2718 1177 2768 cf.
1205 2737 1315 2768 verS.
1342 2718 1562 2770 Varronis
