1826 3054
508 167 907 214 FASTORUM
946 172 1076 216 LIB.
1121 175 1224 218 III.

159 258 297 307 Tollit
319 259 457 309 humo
475 279 664 319 munus,
690 280 796 310 caesa
817 263 943 329 prius
965 263 1038 313 ille
1058 265 1240 330 juvenca
1255 305 1268 325 ,

1497 182 1579 240 ¹89

1511 285 1577 331 375

223 339 335 401 Quae
358 330 534 388 dederat
555 339 668 388 nulli
690 340 804 390 eolla
825 342 1059 408 premenda
1080 344 1187 408 jugo
1206 364 1218 401 ;

161 414 301 480 quue
324 415 461 464 ancile
481 428 631 475 vocat,
661 418 782 484 quod
802 419 859 467 ab
885 421 1006 467 omni
1028 434 1152 487 parte
1172 422 1359 471 recisum
1382 436 1450 473 est
1468 443 1481 484 ;

228 492 416 558 Quaque
440 504 569 541 notes
593 493 759 552 oculis,
781 495 971 558 angulus
996 498 1140 546 omnis
1166 498 1304 546 abest.

162 570 274 617 Tum
290 607 302 627 ,
328 589 494 620 memor
511 571 685 638 imperii
707 585 869 622 sortem
889 576 1128 625 consistere
1149 577 1196 625 in
1217 576 1296 626 illo
1311 617 1324 639 ,

228 645 473 695 Consilium
493 647 640 696 multae
661 648 911 698 calliditatis
928 650 1025 699 init.

1516 667 1584 705 380

161 722 293 771 Plura
311 724 437 789 jubet
459 726 553 774 fieri
576 727 711 776 simili
734 728 880 777 caelata
902 728 1065 792 figura,

224 801 363 847 Error
385 812 435 849 ut
456 814 556 850 ante
580 803 732 852 oculos
753 804 1000 853 insidiantis
1024 817 1105 854 eat.

160 876 405 925 Mamurius
420 916 432 937 ,
454 898 628 928 morum
650 880 839 930 fabraene
859 881 1050 929 exactior
1066 881 1195 940 artis,

224 951 418 1001 Difficile
439 966 531 1011 est,
556 955 668 1003 illud
682 993 695 1014 ,
721 957 864 1005 dicere
878 995 890 1015 ,
910 956 1067 1006 clausit
1090 976 1218 1023 opus.

160 1027 243 1075 Cui
270 1029 412 1076 Numa
432 1030 692 1090 munificus,
718 1033 838 1080 Facti
863 1045 964 1098 pete
980 1033 1155 1098 praemia
1170 1070 1183 1090 ‚
1208 1031 1349 1080 dixit:

1511 1047 1578 1083 385

226 1104 274 1151 Si
295 1124 391 1153 mea
412 1118 519 1155 nota
539 1107 673 1166 fides,
699 1108 822 1156 irrita
842 1108 964 1155 nulla
987 1120 1122 1174 petes.

159 1182 259 1229 Jam
278 1181 455 1231 dederat
476 1182 605 1232 Saliis
620 1221 633 1242 ‚
658 1203 683 1231 a
706 1183 822 1231 saltu
843 1183 1023 1231 nomina
1044 1183 1238 1241 ducunt,

217 1315 292 1359 377.
319 1313 523 1350 Secundum
546 1316 675 1351 Jubam
687 1342 697 1359 ,
727 1329 832 1361 quem

161 1365 336 1400 Plutamh.
352 1367 445 1403 dicto
460 1368 536 1403 loco
549 1370 732 1414 excerpsit,
749 1370 835 1405 scri-

158 1417 315 1451 bendum
328 1417 420 1452 soret
433 1423 567 1466 ancyle,
589 1421 696 1466 idque
710 1435 730 1456 a
743 1435 835 1468 grae-

144 1479 199 1503 ‘co
217 1470 342 1514 ἀγκύλον
360 1497 370 1514 ,
395 1484 541 1506 curvum
556 1499 566 1516 ,
590 1474 832 1511 derivandum.

158 1522 229 1556 Sed
245 1523 452 1559 Plutarchus
465 1525 535 1570 ipse
552 1526 595 1561 de
612 1528 832 1575 haeetymo—

156 1576 245 1622 logia
257 1576 391 1612 dubitat
401 1605 411 1621 ‚
426 1579 610 1625 pluresque
630 1581 710 1616 alias
720 1581 832 1618 affert.

157 1629 201 1663 In
216 1628 311 1664 libris
331 1630 445 1666 latinis
467 1633 595 1678 ubique
619 1637 730 1668 ancile
747 1637 835 1670 scri-

154 1680 270 1723 bitur;
287 1688 323 1716 et
332 1682 380 1717 sic
387 1683 611 1719 scribendum
622 1693 674 1720 est
690 1699 731 1721 ex
746 1686 833 1723 Ovi-

155 1732 204 1766 ‹lii
228 1732 442 1770 derivatione
459 1762 469 1779 ,
497 1749 647 1782 quacum
674 1751 833 1774 consen-

155 1784 248 1818 tiunt
262 1811 274 1828 ,
291 1797 368 1830 que
386 1786 509 1822 Festus
527 1787 631 1823 habet
647 1802 655 1823 :
674 1804 691 1819 κ
710 1790 831 1826 Ancile

158 1850 175 1865 ν
193 1844 354 1872 vocatum
366 1863 376 1881 ,
392 1840 473 1883 quia
488 1853 529 1874 ex
554 1847 704 1887 utroque
724 1843 833 1879 latere

160 1903 177 1917 ι»
192 1895 268 1923 erat
291 1889 440 1924 recisum
452 1916 463 1934 ,
479 1897 519 1925 ut
540 1904 719 1927 summum
742 1894 831 1929 infi-

162 1957 177 1967 ».
195 1954 363 1987 mumque
379 1942 468 1977 latus
475 1950 620 1989 pateret.
634 1960 652 1975 ›-
663 1946 833 1981 Similiter

158 1993 230 2028 sere
241 1995 357 2028 Varro
367 1994 423 2029 lib.
439 1995 503 2029 lv.
514 1995 718 2031 Secundum
730 2011 834 2032 eum—

158 2047 242 2081 dem
257 2046 314 2082 lib.
326 2047 379 2081 vl
389 2073 399 2090 ,
419 2060 451 2093 p.
472 2050 512 2093 78
525 2074 535 2091 ,
548 2048 582 2082 in
598 2050 752 2084 carmine
766 2051 832 2085 Sa-

158 2100 232 2134 liari
255 2102 392 2135 anema
407 2100 574 2145 scriptum
596 2109 680 2136 erat.
705 2102 834 2137 Forma

159 2150 250 2195 apud
263 2150 489 2185 Plutarchum
504 2152 660 2197 pluribus
668 2152 834 2187 describi-

158 2209 216 2237 tur
226 2215 235 2237 ε
245 2202 336 2238 orbis
345 2215 418 2236 non
434 2210 499 2245 est,
512 2215 590 2246 nec,
605 2203 744 2248 qualem
758 2204 835 2249 pel-

156 2262 210 2298 ta,
228 2256 411 2291 circuitum
427 2256 547 2297 habet;
571 2257 633 2291 sed
653 2257 749 2292 sinus
769 2270 834 2292 re-

156 2307 224 2341 fert
245 2307 345 2342 lineae
375 2314 539 2342 tortuosae
551 2333 562 2350 ,
593 2308 692 2353 cujus
722 2309 834 2353 apices

155 2357 365 2402 flectuntur,
388 2365 424 2392 et
440 2357 610 2396 densitate
628 2359 663 2392 in
680 2372 717 2393 se
738 2371 832 2393 con—

157 2417 316 2444 currunt.
338 2409 547 2457 Dionysius,
572 2410 628 2453 11,
656 2423 714 2454 7¹·
730 2418 836 2455 negat

158 2472 306 2504 usquam
320 2468 401 2496 ante
410 2462 519 2497 visam
533 2476 606 2498 esse
617 2463 655 2497 in
666 2463 766 2498 ltalia
780 2471 835 2497 ta-

158 2513 230 2546 lem
246 2512 405 2558 figuram.

203 2564 442 2606 381.-—Plum‚
457 2566 630 2610 permulta
644 2565 834 2613 Dionysius

162 2616 393 2651 ain—Celata
403 2630 498 2654 nunc
506 2619 555 2653 nil
571 2619 637 2654 nisi
650 2619 835 2664 sculpta.—

161 2670 369 2715 Pignorihus
387 2670 524 2716 imperii
546 2674 707 2707 thstdebri
717 2670 835 2716 populi

897 1314 1039 1349 finitimi
1050 1313 1216 1348 solebant.
1230 1313 1279 1347 Ut
1283 1321 1459 1348 enoranle
1465 1317 1579 1348 oculos

896 1373 962 1401 eat.
974 1367 1032 1401 Sic
1048 1365 1228 1400 exornavit
1238 1364 1323 1398 illud
1335 1391 1346 1407 ‚
1363 1372 1402 1398 ut
1417 1365 1488 1409 jam
1499 1365 1579 1399 insi-

897 1419 995 1454 dians
1008 1418 1133 1453 dubius
1143 1418 1282 1453 haereat.
1297 1419 1403 1450 Error
1416 1418 1522 1451 etiam
1532 1417 1578 1451 de

895 1471 1143 1507 incertitudine
1164 1470 1302 1505 dicitur.
1318 1489 1362 1495 —
1377 1470 1577 1504 Mamurium

896 1525 1021 1572 (quem
1029 1524 1131 1558 multi
1140 1523 1237 1558 MSS
1245 1523 1474 1566 Mamurium.
1488 1535 1579 1556 non-

898 1577 986 1612 nulli
1001 1578 1235 1610 Mammurium
1249 1601 1258 1614 ‚
1292 1573 1484 1620 Dionysius
1510 1581 1580 1609 Μα-

896 1634 1002 1679 μὲμη
1018 1655 1028 1672 ,
1044 1626 1196 1672 vocant)
1214 1623 1431 1662 Plutarchus
1445 1626 1487 1659 ab
1509 1633 1583 1660 arte

897 1689 1036 1717 tantum
1046 1680 1177 1723 laudat,
1194 1681 1246 1714 ἳμκ
1255 1687 1313 1715 τῶν
1324 1682 1582 1728 ἄκρων-δημιουρ·

897 1742 958 1778 γῶν
968 1761 978 1780 ,
988 1734 1049 1769 sed
1056 1746 1183 1770 morum
1193 1732 1299 1766 etiam
1315 1730 1408 1765 sama
1420 1730 1582 1765 floruerit

898 1799 1036 1822 necesse
1056 1793 1117 1821 est.
1135 1803 1180 1810 -—
1197 1785 1231 1819 ls
1245 1787 1389 1824 clausit,
1413 1782 1578 1825 absolvit,

897 1852 980 1882 opus
998 1866 1008 1879 ,
1029 1838 1073 1873 ad
1097 1837 1192 1883 quod
1217 1843 1294 1882 post
1319 1836 1402 1871 alios
1428 1835 1581 1870 accessit.

897 1891 1047 1926 Lemius
1052 1893 1179 1925 clausit
1185 1890 1448 1934 interpretatur,
1456 1889 1498 1922 ab
1506 1900 1580 1922 om·-

897 1945 936 1978 ni
954 1949 1051 1990 parte
1066 1942 1261 1978 rotundum
1271 1941 1354 1976 feeit
1365 1967 1375 1984 ,
1388 1941 1581 1990 orbeficerto

897 1996 1045 2030 inclusit.
1067 1993 1138 2029 Sed
1161 1995 1316 2028 claudere
1336 1992 1440 2026 etiam
1457 1992 1579 2026 notio-

897 2060 983 2081 nem
999 2045 1197 2081 absolvendi
1209 2044 1355 2088 habere,
1371 2043 1474 2079 docet
1483 2043 1578 2078 Dra·-

897 2099 1000 2133 kenb.
1017 2098 1059 2133 ad
1072 2098 1197 2133 Silium
1211 2124 1220 2142 ,
1234 2097 1326 2132 XIII
1339 2123 1349 2139 ,
1366 2097 1582 2131 fisa—Illud

898 2163 984 2195 opus
996 2150 1162 2184 Heinsius
1173 2162 1214 2184 ex
1224 2148 1348 2184 Ursini
1359 2148 1479 2184 codice
1494 2160 1577 2193 prae-

898 2193 988 2237 tulit.
999 2202 1115 2248 Vulgo
1123 2205 1204 2239 ulli.
1218 2201 1312 2246 quod
1325 2200 1494 2236 Krebsius
1505 2207 1578 2234 tue-

899 2262 967 2289 tur.
984 2253 1154 2288 Nonnulli
1170 2255 1233 2286 illi.
1248 2253 1290 2287 ln
1304 2252 1441 2287 Heinsii
1458 2251 1579 2285 lectio-

899 2321 944 2342 ne
960 2319 1042 2341 sane
1059 2306 1203 2350 trajecta
1219 2317 1292 2339 non
1303 2305 1393 2339 bene
1410 2310 1493 2337 sunt
1504 2314 1579 2336 ver-

899 2360 961 2398 ba;
978 2357 1038 2392 sed
1055 2370 1121 2391 nec
1144 2358 1211 2390 ulli
1227 2367 1440 2401 magnopere
1457 2353 1578 2398 placet.

898 2412 1112 2447 -Exactas.
1131 2407 1303 2454 perfectus
1313 2433 1323 2450 ,
1337 2420 1435 2441 nunc
1447 2419 1577 2441 secun-

900 2464 986 2498 dum
1006 2456 1124 2497 casum
1140 2459 1347 2504 adjunctum
1368 2455 1483 2493 habet.

943 2517 1063 2560 387.A
1077 2517 1186 2551 saltu.
1207 2526 1227 2548 a
1243 2511 1420 2558 tripudiis,
1435 2512 1579 2557 quibus-

899 2581 981 2604 cum
999 2567 1122 2602 ancilia
1139 2567 1339 2612 gestabant,
1364 2579 1427 2611 per
1442 2566 1577 2600 urbem.

901 2618 1131 2661 Plutarchus,
1159 2619 1217 2653 ἀεὶ
1240 2627 1294 2658 τῖς
1316 2619 1468 2668 «inuictae
1490 2620 1578 2653 ἁλτι-

902 2678 956 2711 κῆς
971 2684 979 2711 ;
998 2669 1207 2715 Dionysius,
1228 2670 1284 2704 ἀεὶ
1310 2677 1364 2708 τῖς
1381 2672 1516 2704 συντόνου
1533 2685 1579 2703 κι-
