1826 3054
566 159 957 206 FASTORUM
993 161 1124 205 LIB.
1162 162 1259 206 111.

1546 164 1630 224 169

207 251 295 301 Seu
321 251 441 318 quod
465 251 521 301 ad
542 271 683 318 usque
706 251 855 301 decem
877 271 1062 302 numero
1082 265 1304 303 crescente
1327 255 1524 315 venitur,
1563 270 1625 303 125

272 331 546 398 Principium
568 329 723 397 spatiis
747 332 938 381 sumitur
955 332 1059 381 inde
1081 333 1223 381 novis.

208 408 315 457 Inde
339 427 465 475 pares
487 420 662 457 centum
687 409 824 458 denos
848 412 1032 459 secrevit
1053 411 1100 460 in
1126 411 1258 460 orbes

274 483 492 532 Romulus
506 521 519 541 ,
540 484 742 533 hastatos
762 485 1046 553 instituitque
1066 487 1213 536 decem
1231 506 1243 544 ;

209 564 269 612 Et
290 562 472 611 totidem
494 563 700 630 princeps
717 602 730 621 ‚
755 564 940 613 totidem
961 565 1139 633 pilanus
1162 566 1355 615 habebat

275 639 470 705 Corpora
489 658 500 695 ;
524 638 723 701 legitimo
748 641 914 706 quique
936 643 1136 691 merebat
1157 661 1286 709 equo.
1570 657 1631 691 130

209 717 333 781 Quin
352 717 481 765 etiam
504 730 651 784 partes
674 718 857 767 totidem
882 719 1160 769 Titiensibus
1178 721 1293 769 idem
1308 757 1321 778 ‚

272 795 490 862 Quosque
512 807 671 844 vocant
693 797 911 855 Ramnes,
933 797 1276 865 Luceribusque
1291 798 1424 847 dedit.

205 871 432 920 Adsuetos
453 871 592 934 igitur
612 879 821 922 numeros
842 874 1031 922 servavit
1053 875 1098 922 in
1122 894 1239 922 anno
1262 895 1271 923 :

274 948 375 994 Hoc
397 946 521 1009 luget
544 948 687 1013 spatio
709 948 870 997 femina
890 962 1046 998 moesta
1066 951 1223 999 virum.

206 1026 304 1073 Neu
329 1025 535 1081 dubites,
559 1027 709 1092 primae
730 1026 897 1075 fuerint
920 1027 1029 1094 quin
1054 1041 1154 1077 ante
1178 1027 1387 1078 Kalendae

1572 1043 1651 1076 135-

273 1103 459 1158 Martis;
482 1103 538 1151 ad
561 1104 653 1152 haec
676 1105 871 1154 animum
896 1105 1022 1169 sigua
1039 1107 1200 1155 referre
1217 1104 1363 1174 potes.

209 1179 376 1226 Laurea
398 1177 695 1237 Flaminibus‚
721 1199 817 1247 quae
843 1192 937 1229 toto
962 1181 1158 1248 perstitit
1181 1202 1322 1241 anno,

274 1252 468 1302 Tollitur
481 1292 493 1312 ‚
519 1266 564 1302 et
584 1255 763 1304 frondes
786 1268 893 1304 sunt
913 1257 959 1304 in
977 1257 1148 1307 bonore
1168 1277 1307 1307 novae.

210 1329 353 1378 Janua
375 1349 494 1382 nunc
513 1330 630 1393 regis
651 1330 795 1398 posita
818 1331 929 1380 viret
950 1333 1108 1382 arbore
1129 1334 1292 1383 Phoebi
1310 1354 1321 1382 z

274 1405 394 1453 Ante
419 1417 516 1454 tuas
536 1405 589 1453 fit
608 1405 749 1464 idem,
772 1407 893 1455 curia
913 1408 1056 1474 prisea
1073 1446 1085 1467 ,
1109 1409 1239 1459 fores.

208 1528 324 1575 ibique
349 1537 478 1566 notata.
503 1525 548 1557 —⁷
568 1532 689 1577 Spatia
700 1560 708 1574 ,
737 1532 885 1570 decades

208 1593 451 1618 numerorum.

255 1644 453 1689 127.Pares,
473 1656 546 1678 non
556 1651 683 1688 patres,
696 1645 885 1690 legendum

205 1705 279 1727 esse
294 1695 519 1739 conjecerant
536 1694 688 1740 Scaliger
699 1703 734 1730 et
753 1697 886 1741 Lipsius

206 1744 250 1779 de
266 1745 389 1780 militia
399 1746 503 1781 Rom.
522 1747 558 1782 11
571 1773 581 1790 ,
599 1761 618 1780 2
629 1773 639 1790 ,
655 1746 761 1792 idque
787 1748 886 1783 MSS

206 1798 397 1843 potioribus
418 1800 684 1845 comprobatum
717 1799 886 1835 Heinsius

208 1849 348 1894 recepit.
366 1849 437 1884 Sed
452 1851 487 1884 id
502 1863 641 1896 quoque
654 1851 695 1885 ad
709 1859 887 1887 senatores

211 1901 429 1945 retulerunt,
447 1915 535 1948 quos
551 1904 725 1939 Romulus
736 1911 835 1943 aetate
851 1911 887 1940 et

209 1966 314 1988 censu
324 1967 427 1998 pares
441 1954 595 2000 elegerit.
611 1956 750 1990 Verum
765 1953 820 1990 ille
830 1970 888 1991 se-

209 2014 348 2042 natores
363 2019 443 2041 suos
457 2007 493 2040 in
511 2007 634 2042 decem
650 2007 808 2043 decurias
823 2009 889 2044 de-

208 2058 378 2103 scripsisse
395 2071 567 2103 nusquam
596 2059 731 2105 legitur.
754 2060 890 2096 Laudat

210 2108 354 2153 quidem
363 2108 490 2144 Krebs.
501 2109 575 2144 Liv.
587 2110 617 2154 Ι,
633 2123 682 2154 17.
696 2110 890 2145 Verumibi

210 2159 254 2193 de
262 2155 466 2206 interregno
474 2173 592 2195 sermo
606 2167 671 2203 est,
685 2173 754 2206 quo
766 2161 890 2197 ineun-

211 2218 245 2245 te
254 2238 264 2254 ,
281 2219 396 2257 patres
409 2213 470 2258 ipsi
485 2212 607 2247 decem
619 2212 779 2248 decurias
787 2213 889 2249 fece—

210 2271 304 2299 runt.
318 2265 441 2311 Neque
458 2264 607 2300 Ovidius
624 2265 746 2300 Patres
755 2267 890 2312 simpli-

210 2315 297 2350 citer
310 2330 412 2360 pates
428 2317 584 2351 dicturus
609 2316 728 2351 suisset
739 2343 749 2360 ‚
772 2331 887 2363 neque

211 2379 271 2401 eos
282 2373 451 2402 tamarcte
462 2368 715 2412 conjuncturus
723 2381 803 2402 cum
813 2371 889 2403 has-

211 2420 295 2451 tatis
309 2425 344 2451 et
353 2418 505 2464 reliquis.
522 2419 650 2454 Sermo
662 2420 768 2465 igitur
778 2427 830 2455 est
843 2420 887 2455 de

213 2470 379 2506 militibus
389 2497 399 2513 ,
415 2484 500 2516 quos
515 2479 614 2507 aetate
630 2479 666 2507 et
678 2472 797 2507 habitu
808 2485 890 2507 eor-

212 2521 305 2566 poris
313 2534 412 2565 pares
421 2523 458 2556 in
474 2523 594 2568 quavis
608 2520 743 2568 legione
760 2524 796 2557 in
809 2536 889 2558 cen-

212 2580 279 2606 tum
294 2575 396 2607 denos
408 2577 503 2607 orbes
513 2601 521 2614 ,
537 2575 574 2608 in
587 2573 695 2609 denas
713 2573 889 2609 centurias

210 2625 280 2659 sive
294 2624 435 2660 ordines
449 2625 563 2661 divisit
574 2652 584 2669 ,
597 2626 633 2660 in
649 2626 773 2661 decem
790 2626 890 2661 ordi-

214 2690 277 2712 nes
298 2676 541 2722 hastatorum,
573 2679 720 2715 totidem
749 2679 889 2725 princi-

1569 1422 1633 1466 ¹4⁰

949 1548 1035 1582 pum
1049 1562 1059 1579 ,
1081 1536 1230 1571 totidem
1252 1536 1449 1583 pilanorum
1463 1562 1473 1579 ,
1490 1542 1530 1570 ut
1545 1534 1635 1569 adeo

951 1589 1079 1633 quaevis
1092 1589 1182 1634 legio
1192 1590 1300 1623 tribus
1316 1589 1467 1623 millibus
1479 1588 1633 1622 militum

950 1648 1134 1676 constaret.
1146 1641 1224 1675 Vid.
1238 1641 1372 1687 Lipsius
1381 1641 1415 1675 d.
1426 1641 1535 1675 t—-ln
1546 1653 1635 1684 qua-

950 1693 1002 1728 vis
1028 1694 1162 1740 legione
1179 1694 1327 1728 trecenti
1346 1701 1448 1728 eraut
1474 1693 1609 1738 equites
1623 1719 1634 1734 ‚

952 1746 1011 1791 qui
1029 1759 1112 1791 equo
1124 1749 1262 1790 publico
1291 1746 1474 1780 merebant
1487 1772 1497 1788 ,
1526 1757 1634 1790 quern

952 1797 1102 1834 Ovidius
1108 1801 1289 1842 legitimum
1295 1805 1407 1842 vocat,
1416 1797 1546 1843 legibus
1553 1810 1636 1832 con-

950 1850 1123 1886 stitutum.
1134 1851 1163 1886 li
1178 1862 1317 1896 quoque
1328 1851 1365 1886 in
1380 1853 1492 1885 decem
1502 1856 1636 1884 turmas

952 1902 1113 1949 descripti
1128 1905 1343 1938 suut—Hoc
1353 1905 1445 1948 luget
1456 1909 1521 1938 etc.
1532 1917 1541 1944 ;
1553 1915 1635 1937 cou-

951 1955 1006 1990 fer
1019 1969 1124 2002 supra
1142 1957 1179 1999 1,
1199 1956 1253 1991 35.

1002 2007 1074 2041 135.
1099 2006 1205 2041 Redit
1222 2006 1264 2041 ad
1282 2017 1374 2041 vers.
1388 2018 1431 2053 97
1452 2018 1524 2051 seq.
1539 2011 1576 2039 et
1590 2007 1636 2038 si-

949 2060 1039 2102 gnis,
1055 2058 1270 2103 argumentis
1285 2056 1494 2102 quibusdam
1510 2055 1636 2102 proba-

953 2121 992 2143 re
1001 2116 1150 2143 conatur
1159 2122 1269 2154 usque
1285 2107 1329 2143 ad
1346 2121 1433 2142 vers.
1455 2110 1530 2151 150,
1541 2106 1637 2152 quod

953 2173 1057 2206 supra
1065 2161 1415 2205 posuerat,Martium
1423 2159 1527 2195 fuisse
1537 2173 1638 2194 men-

952 2225 1027 2247 sem
1040 2213 1207 2258 primum.
1225 2212 1331 2247 Cous.
1343 2212 1519 2247 Plutarch.
1529 2213 1638 2247 Num.

954 2266 1028 2306 1X;
1047 2265 1203 2300 Mau-ob.
1219 2266 1250 2308 1,
1261 2265 1334 2300 Sat.
1351 2276 1420 2299 ιιι.
1430 2265 1635 2299 —Animum

952 2317 1082 2361 rest-tre.
1092 2318 1252 2352 animum
1263 2316 1557 2352 advertere—De
1566 2319 1637 2350 lau-

951 2373 1019 2403 reis·
1033 2369 1138 2403 etiam
1153 2369 1310 2404 Macrob.
1328 2383 1346 2399 κ
1358 2369 1485 2404 eodem
1498 2380 1638 2413 quoque

955 2434 973 2450 υ
991 2419 1209 2465 ingrediente
1217 2432 1350 2464 mense,
1360 2421 1396 2454 in
1406 2420 1513 2466 regia,
1521 2420 1639 2455 curiis-

956 2486 974 2502 »
990 2485 1058 2517 que
1070 2479 1173 2517 atque
1184 2472 1386 2507 Flaniinum
1394 2472 1557 2507 domibus
1570 2472 1641 2506 lau·

956 2537 975 2553 ¹·
990 2536 1060 2558 reae
1082 2530 1220 2558 veteres
1241 2522 1341 2559 novis
1363 2524 1490 2560 laureis
1514 2530 1639 2558 muta-

925 2585 929 2587 '
955 2590 974 2606 ν
989 2576 1128 2611 bantur.
1140 2591 1158 2605 ¹·
1172 2575 1229 2611 Cf.
1240 2576 1352 2611 Solin.
1364 2590 1395 2612 e.
1406 2577 1557 2613 3.—Pro
1578 2578 1641 2610 υί-

951 2635 1003 2662 tet
1017 2627 1179 2662 nonnulli
1188 2631 1275 2663 nitet
1286 2629 1379 2674 quod
1392 2641 1476 2664 saue
1491 2629 1583 2663 bene
1595 2628 1639 2662 de

953 2680 1052 2715 lauro
1075 2679 1226 2717 dieitur:
1242 2681 1355 2718 videl
1370 2681 1460 2717 Met.
1477 2684 1541 2717 552
1553 2707 1564 2723 ,
1581 2680 1642 2715 sed
