1826 3054
444 212 828 257 FASTORUM
864 214 995 258 LlB.
1036 214 1128 259 IV.

1414 219 1495 262 301

167 305 303 369 Quod
324 305 375 354 fit
395 304 528 354 natali
548 324 665 354 nunc
688 325 863 373 quoque
878 344 891 365 ‚
916 307 1084 366 Roma,
1110 319 1201 356 tuo.

101 381 203 446 Ipse
223 379 346 429 locus
368 399 517 437 musas
539 381 626 429 vati
649 381 753 430 facit
771 401 783 428 ε
802 382 928 430 urbis
950 382 1077 445 origo

168 457 331 504 Venit:
350 456 451 505 ades
472 456 623 514 factis,
647 476 801 521 magne
826 458 1012 521 Quirine
1027 496 1040 516 ,
1065 459 1165 506 tuis.

103 535 201 582 Jam
222 533 361 583 luerat
383 553 534 601 poenas
553 534 686 583 frater
705 536 975 594 Numitoris;
998 548 1044 585 et
1065 556 1193 585 omne

169 610 400 658 Pastorum
424 611 597 673 gemino
620 611 703 660 snb
729 611 836 660 duce
860 611 1017 675 vulgus
1039 625 1143 662 erat.

1443 630 1509 664 διο

108 686 373 735 Contrahere
394 699 606 750 agrestes,
632 698 676 735 et
697 688 855 736 moenia
878 706 1042 754 ponere
1065 688 1241 755 utrique

107 809 243 841 quoque
260 797 423 833 Palilibus
436 812 444 839 ;
461 797 522 833 sed
536 798 660 833 melius
672 797 772 834 dixit:

106 851 217 883 natali
237 851 365 889 Roma,
390 856 456 884 tuo.
480 850 533 884 lta
551 851 647 884 enim
668 862 773 885 eom-

106 899 209 934 mode
222 900 343 934 transit
353 899 396 934 ad
407 903 564 945 oerqinem
577 904 680 942 urbis,
699 914 775 947 quae

105 952 142 986 in
161 952 319 987 Palilium
335 952 429 987 diem
444 953 616 989 incidebat
627 980 637 997 ,
649 954 775 998 utiam

107 1004 149 1038 ad
167 1018 254 1040 vers.
274 1019 332 1050 721
354 1005 717 1050 admonitum.-Ipse
728 1009 779 1041 Io·

109 1069 167 1091 cus
183 1063 246 1091 etc.
266 1056 324 1091 Sic
343 1057 509 1091 Heinsius
524 1071 543 1092 e
559 1057 657 1092 MSS
674 1057 780 1092 Ursi-

109 1121 157 1142 no
172 1134 181 1150 ,
206 1120 279 1142 uno
307 1107 496 1152 Vaticano,
524 1109 694 1144 Batavino
711 1135 721 1152 ,
744 1115 780 1143 et

110 1160 332 1204 Naugeriano
338 1158 446 1194 dedit.
454 1161 532 1196 Hoc
541 1161 588 1196 sic
594 1161 776 1206 explicant:

110 1211 181 1255 ipse
201 1210 295 1245 locus
312 1211 474 1245 carminis
499 1210 558 1246 dat
579 1225 696 1247 causas
716 1225 781 1246 ca—

113 1262 219 1297 nendi
228 1290 238 1306 ,
251 1275 328 1308 quae
344 1264 415 1308 jam
425 1271 629 1309 sequuntur.
646 1265 696 1298 lta
708 1264 781 1300 baee

112 1329 152 1348 ex
177 1322 271 1360 parte
294 1315 417 1350 similia
437 1316 554 1350 forent
574 1316 640 1351 illis
664 1329 781 1351 versus

113 1368 174 1409 417
189 1378 197 1399 t
210 1367 330 1410 Exigit
339 1370 412 1410 ψει·
421 1369 515 1401 locus
524 1394 532 1408 ‚
549 1375 663 1412 raptus
671 1373 710 1402 ut
720 1373 783 1403 vitu

109 1420 200 1460 gmis
224 1420 331 1451 edam.
360 1418 429 1453 Sed
460 1431 534 1452 nou
563 1418 666 1453 video
677 1444 687 1462 ,
720 1431 784 1454 cur

113 1481 153 1502 ea
166 1481 242 1513 quae
257 1469 327 1514 jam
342 1476 537 1514 sequuntur
547 1495 557 1512 ,
579 1482 702 1503 causas
714 1482 783 1515 ap-

113 1520 255 1566 pellarit.
279 1522 394 1556 Antea
414 1535 539 1556 causas
563 1535 783 1558 commemo‘

114 1580 206 1607 rarat
216 1600 226 1616 ,
241 1587 304 1608 cur
319 1574 470 1609 Romani
487 1588 613 1620 aquam
623 1584 658 1611 et
666 1577 785 1622 ignem

114 1626 151 1659 in
168 1625 425 1662 lustrationibus
444 1628 632 1663 adhibeant
649 1643 658 1669 ;
682 1636 785 1673 atque

114 1675 195 1711 hinc
215 1678 327 1723 pergit
348 1691 357 1711 2
374 1679 453 1722 Ipse
468 1681 562 1713 locus
574 1693 699 1714 causas
715 1682 792 1713 vati

107 1727 211 1769 facit.
245 1729 333 1763 Hac
361 1729 465 1764 verba
488 1730 594 1775 igitur
605 1757 615 1774 ,
648 1732 674 1766 si
705 1744 787 1766 sana

117 1787 198 1814 sunt
211 1807 220 1823 ‚
236 1781 399 1826 equidem
415 1781 456 1816 ad
475 1783 714 1818 antecedentia
729 1797 788 1819 re·-

118 1830 192 1865 sero
206 1844 215 1865 ε
230 1831 313 1876 quid
324 1845 388 1878 ego
398 1833 497 1868 altius
506 1847 631 1868 causas
644 1835 731 1869 illius
745 1835 789 1869 ri-

121 1890 175 1917 tus
188 1896 319 1918 arcesso
330 1909 340 1926 ,
357 1897 465 1929 quum
478 1889 548 1928 ψει
559 1889 670 1926 Iocus,
682 1900 788 1932 quem

123 1935 303 1970 incolimus
315 1961 326 1978 ,
346 1943 424 1979 aut,
439 1938 466 1971 si
478 1938 525 1972 ita
535 1939 658 1982 mavis,
671 1941 707 1973 in
719 1953 789 1985 quo

125 1987 303 2022 tractando
314 1988 384 2032 jam
396 2001 531 2032 versor,
544 2003 599 2024 eas
609 1991 694 2025 mihi
708 2004 792 2037 sup-

124 2039 279 2083 peditet?
293 2040 331 2074 ld
341 2041 434 2076 sicui
447 2040 613 2086 displicet,
624 2042 737 2076 videat
746 2055 791 2077 an

124 2105 165 2125 ex
178 2092 283 2127 altera
299 2092 446 2128 lectione
460 2094 641 2128 meliorem
652 2107 792 2128 sensum

125 2144 256 2189 fingere
271 2146 385 2190 possit.
398 2146 495 2181 Olim
507 2146 602 2180 enim
613 2146 793 2188 edebatur,

127 2197 202 2239 Ipse
224 2199 330 2230 locum
352 2202 428 2231 vati
446 2210 547 2231 casus
560 2197 672 2241 facil,
700 2197 795 2243 quod

128 2246 264 2282 Marsus
288 2248 538 2293 interpretatur
558 2275 568 2291 ,
593 2248 688 2293 quasi
715 2261 796 2283 casu

129 2290 286 2332 venimus
302 2299 339 2332 in
355 2298 448 2333 hune
465 2299 579 2334 locum
590 2326 599 2342 ,
619 2307 658 2334 ut
673 2300 715 2335 de
735 2301 797 2334 ini-

132 2349 184 2383 tiis
194 2349 288 2384 urbis
296 2351 470 2395 agendum
481 2351 536 2386 sit.
548 2351 663 2385 Immo
673 2351 796 2386 ordine

131 2413 248 2434 rerum
262 2401 298 2435 in
313 2401 408 2436 illum
424 2403 537 2437 locum
553 2402 797 2437 deducebatur.

132 2451 334 2486 Lectionem
353 2460 470 2487 autem
494 2453 587 2487 illam
613 2453 710 2488 MSS
734 2467 795 2488 ve-

134 2510 222 2537 teres
240 2503 393 2548 plerique
409 2504 621 2540 confirmant
634 2532 643 2548 ,
668 2518 798 2550 quam-

135 2567 239 2599 quam
258 2555 294 2588 in
312 2554 351 2590 iis
371 2555 494 2591 ordine
517 2557 674 2601 inverso,
699 2570 800 2592 casus

136 2611 214 2641 vati.
239 2607 402 2643 Heinsius
418 2610 517 2645 scribi
534 2612 624 2654 vult,
651 2613 728 2653 lpse
742 2614 801 2644 lo-

135 2671 194 2692 cus
207 2672 289 2693 casu
304 2661 489 2703 vatisacit.
509 2669 611 2708 atque
630 2663 716 2697 adiri
733 2676 802 2697 no-

136 2718 205 2743 tam
218 2723 315 2745 suam
330 2711 442 2758 adll,
459 2712 565 2758 Epist.
581 2714 623 2762 39
635 2740 645 2758 ,
662 2714 722 2749 ubi
737 2714 803 2757 ‹lo->

837 805 894 832 eet
905 823 914 840 ,
920 797 1041 842 facere
1054 801 1165 834 alic-m·
1173 799 1240 834 dici
1259 811 1323 845 pro
1329 800 1452 844 ‘facete
1465 804 1516 836 ael

839 851 994 894 aliquem.

882 901 1038 946 807-862.
1046 903 1185 937 Natalis
1191 905 1292 938 urhis.
1303 904 1373 939 Hic
1384 903 1427 939 de
1438 917 1513 940 mu-

839 952 886 987 ris
895 952 1015 998 positis
1023 960 1059 988 et
1068 953 1172 989 Remi
1181 955 1335 990 interitu.
1348 955 1515 991 Heinsius

843 1017 884 1039 ex
899 1006 1041 1051 ingenio
1056 1007 1232 1042 invexerat
1238 1006 1363 1051 sest125,
1386 1020 1517 1054 quam-

843 1068 948 1100 quam
964 1063 999 1091 et
1005 1057 1116 1101 sasn’s
1137 1065 1197 1092 aut
1214 1063 1324 1094 sacris
1342 1059 1517 1094 suadebat.

845 1106 921 1152 Ego
944 1120 1018 1142 non
1046 1108 1199 1143 dubitavi
1212 1109 1324 1152 sactis·
1342 1123 1515 1146 revocare.

845 1156 952 1193 Urbis
975 1158 1146 1204 originem
1165 1173 1290 1195 oenere
1315 1161 1389 1196 vult
1401 1175 1410 1202 3
1432 1174 1517 1208 ergo

844 1223 918 1245 non
924 1209 1024 1253 festa
1039 1219 1098 1247 aut
1112 1225 1213 1247 sacra
1223 1239 1233 1254 ,
1254 1213 1314 1248 sed
1321 1213 1425 1257 sacta
1442 1214 1518 1248 Ro—

845 1261 943 1296 muli.
958 1262 1000 1296 ln
1018 1263 1112 1298 urbis
1125 1265 1258 1310 origine
1274 1263 1399 1300 desinit
1413 1266 1517 1300 etiam

846 1312 941 1348 locus
951 1325 1037 1348 vers.
1049 1316 1294 1360 857.-Poem
1303 1316 1435 1350 Amulii
1445 1317 1517 1361 jam

846 1366 958 1411 attigit
970 1374 1071 1412 poeta
1083 1367 1139 1402 111
1151 1394 1162 1411 ‚
1183 1368 1224 1413 67
1237 1382 1246 1409 ;
1262 1380 1356 1403 nunc
1368 1367 1517 1403 festinat.

846 1415 902 1450 De
917 1416 1060 1452 Romuli
1071 1419 1244 1464 Remique
1256 1419 1402 1455 dissist
1414 1428 1516 1466 atque

847 1467 951 1513 hujus
970 1482 1076 1513 nece,
1093 1471 1196 1506 variae
1217 1479 1319 1506 erant
1337 1472 1520 1507 Romano-

846 1534 928 1556 rum
944 1522 1147 1558 traditiones
1156 1551 1166 1567 ,
1183 1537 1267 1569 quas
1281 1525 1372 1570 apud
1382 1525 1519 1572 Diony-

847 1575 938 1608 sium
954 1574 1132 1610 Halicaru.
1146 1576 1164 1610 I
1175 1602 1185 1619 ,
1207 1578 1250 1611 85
1262 1602 1273 1619 ‚
1294 1576 1520 1612 Plutarchum

849 1627 924 1661 Vit.
937 1628 1043 1662 Rom.
1058 1642 1080 1675 9
1092 1641 1132 1674 sq
1144 1654 1155 1671 ,
1178 1635 1215 1662 et
1231 1629 1383 1674 reliquos
1401 1642 1523 1663 rerum

849 1690 1074 1713 romanarum
1098 1681 1281 1727 scriptores
1302 1680 1417 1715 habes.
1442 1681 1523 1715 Ad—

850 1729 998 1763 modum
1013 1730 1175 1764 credibile
1192 1737 1243 1765 est
1255 1756 1265 1774 ,
1282 1731 1376 1775 quod
1387 1731 1523 1779 Diony-

850 1782 920 1816 sius
930 1781 1046 1825 tradit,
1058 1783 1319 1818 multitudinem
1330 1796 1474 1818 omnem
1487 1785 1524 1818 in

851 1834 935 1869 duas
951 1835 1094 1869 divisam
1109 1834 1211 1870 fuisse
1222 1842 1336 1881 partes
1348 1862 1358 1878 ‚
1377 1849 1525 1881 quarum

852 1886 959 1920 altera
971 1886 1162 1920 Romulum
1174 1885 1297 1921 ducem
1307 1894 1525 1934 sequeretur,

852 1937 959 1971 altera
971 1937 1143 1977 Remum;
1161 1936 1242 1971 binc
1252 1944 1288 1972 et
1298 1937 1445 1972 fratrum
1457 1939 1527 1972 ani-

853 2002 930 2023 mos
939 1989 1135 2024 dissociatos
1144 2003 1216 2024 esse.
1230 2017 1240 2032 ,
1257 2002 1454 2036 eorumque
1461 1990 1528 2026 dis-

852 2040 938 2075 sidia
955 2040 1104 2074 maxime
1123 2043 1271 2086 patuisse
1283 2068 1292 2085 ,
1310 2055 1420 2087 quum
1435 2042 1529 2078 locus

854 2092 932 2126 urbi
941 2092 1133 2128 condendae
1141 2097 1529 2139 quaerentum—Pasto-

854 2157 907 2177 ’τε
928 2151 1070 2179 constan
1077 2153 1129 2180 ter
1148 2147 1252 2191 primi
1269 2147 1391 2182 Romae
1409 2148 1529 2182 incolae

857 2202 1024 2229 vocantur
1037 2222 1048 2237 ,
1065 2196 1188 2240 quibus
1203 2209 1283 2231 mox
1293 2224 1304 2240 ,
1322 2199 1415 2245 asylo
1431 2212 1531 2243 aper-

858 2253 916 2290 to,
946 2260 1112 2282 convenae
1132 2257 1368 2290 accesserunt,
1393 2251 1531 2293 Livius,

859 2299 893 2333 11
904 2317 922 2342 ,Δ
933 2313 944 2333 ι
952 2325 959 2332 .
974 2299 1018 2334 Et
1026 2307 1099 2334 erat
1109 2301 1204 2346 regio
1211 2302 1270 2336 illa
1279 2302 1471 2347 pastoribus
1481 2303 1531 2336 in-

857 2352 978 2397 primis
1001 2359 1220 2397 opportuna;
1239 2353 1428 2399 Dionysius
1441 2380 1451 2396 ,
1473 2353 1510 2387 11
1522 2379 1532 2396 ,

861 2418 889 2438 2.
906 2405 1097 2440 Zulichem.
1115 2408 1289 2448 pastonlw
1308 2405 1390 2439 hinc
1410 2405 1534 2439 Heius.

859 2455 979 2490 suadet
990 2482 999 2499 ,
1011 2463 1165 2499 pastores
1172 2481 1181 2489 .
1192 2482 1200 2489 .
1209 2483 1218 2490 .
1229 2464 1332 2490 erant.

905 2509 943 2542 81
954 2521 981 2541 1.
1002 2508 1077 2552 Qui
1096 2508 1198 2542 urbes
1212 2508 1371 2543 condunt
1382 2535 1392 2552 ,
1411 2522 1537 2544 eorum

861 2567 912 2595 est
930 2575 946 2589 «ι
966 2560 1143 2605 dissipatos
1162 2560 1322 2596 homines
1339 2562 1375 2595 in
1391 2562 1539 2597 societa-

864 2626 882 2640 ›·
894 2618 966 2645 tem
979 2612 1056 2646 vitae
1066 2624 1256 2647 convocare
1268 2627 1277 2654 ;
1290 2627 1307 2642 ιο
1327 2612 1438 2648 Cicer.
1450 2614 1536 2649 Tus-

863 2663 931 2697 cul.
944 2664 990 2706 V,
1010 2678 1052 2704 ας
1074 2671 1132 2698 aut
1153 2679 1169 2693 «
1192 2664 1360 2710 dispersos
1380 2666 1540 2700 homines

867 2728 885 2743 »ν
907 2726 1018 2748 unum
1047 2714 1083 2748 in
1117 2714 1232 2750 locum
1262 2729 1471 2763 congregare
1486 2731 1495 2758 ;
1524 2731 1542 2746 ν
