1826 3054
570 229 638 272 IN
673 228 914 272 OVlDll
946 228 1232 273 FASTOS.
1529 229 1614 290 487

200 324 342 389 ipsum
376 323 487 371 hanc
515 321 832 378 differentiam,
858 333 909 369 ut
937 333 987 369 ut
1024 322 1251 369 maximam
1268 360 1279 378 ‚
1312 321 1513 378 novisse,
1549 322 1617 369 vel

202 400 478 468 expressisse.
507 399 645 447 Penes
669 399 931 464 interpretes
953 397 1089 460 igitur
1109 409 1255 445 manet
1281 417 1451 464 semper
1473 399 1618 447 inves-

206 476 380 539 tigatio,
399 474 526 541 quale
544 486 667 523 ortus
683 493 819 537 genus
836 474 882 521 in
899 473 1074 536 singulo
1094 472 1192 521 loco
1215 473 1514 547 accipiendum
1535 475 1616 530 sit;

203 563 247 598 et
270 570 360 598 non
379 550 538 598 mirum
557 562 623 598 est
645 569 757 616 saepe
775 569 851 598 eos
869 550 914 597 in
934 549 1100 598 diversa
1123 549 1267 605 abire,
1286 549 1502 615 siquidem
1526 550 1620 598 sine

204 626 370 676 calculo
394 639 437 675 et
468 626 620 675 tabula
650 626 762 675 nihil
794 627 880 674 nisi
917 625 1098 689 globum
1133 626 1267 675 aliave
1295 626 1544 676 kalendaria
1573 628 1618 674 in

134 723 136 726 ·
204 704 437 753 consilium
460 716 731 753 vocaverant.
764 707 868 753 Non
896 704 1040 753 solum
1065 705 1120 752 ad
1142 705 1226 752 hoc
1251 705 1484 754 videndum
1499 743 1511 763 ,
1541 706 1618 754 sed

201 782 401 831 universe
417 783 471 831 ad
489 784 712 832 veritatem
734 783 1068 832 astronomicam
1083 783 1425 848 dijudicandam,
1440 785 1618 851 expedi-

200 861 410 909 tissimam
432 881 532 910 sane
555 863 666 911 viam
690 863 861 929 aperuit
882 874 925 910 et
947 862 1083 910 cuivis
1106 874 1325 928 patentem
1348 861 1614 912 calculorum

198 938 326 985 etiam
339 937 543 1004 imperito
555 938 760 995 Petavius,
778 937 939 987 tabulis
951 938 1209 1001 condendis,
1230 938 1274 986 in
1290 938 1452 1005 quibus
1464 938 1615 988 multis

198 1014 339 1080 iisque
362 1016 603 1065 notissimis
621 1015 761 1064 stellis
782 1028 907 1065 ortus
926 1034 1194 1082 occasusque
1218 1016 1394 1064 cosmici
1407 1054 1419 1075 ,
1436 1010 1613 1073 heliaci‚

196 1093 433 1159 acronychi
457 1094 512 1140 ad
535 1095 691 1142 Romae
714 1106 757 1141 et
780 1093 1054 1143 Alexandria!
1085 1094 1387 1151 horizontem,
1420 1113 1519 1142 curn
1553 1095 1616 1142 si-

197 1190 381 1233 gnorum
407 1173 579 1221 Zodiaci
602 1173 825 1239 partibus,
846 1175 893 1220 in
917 1177 1025 1239 quas
1043 1192 1158 1221 anno
1174 1173 1319 1240 primo
1342 1173 1523 1221 Juliano
1547 1174 1616 1220 in—

198 1249 421 1306 cidebant,
448 1251 662 1314 adsignati
687 1263 803 1299 sunt.
837 1250 1077 1313 Uranolog.
1101 1270 1189 1300 var.
1215 1251 1334 1300 Diss.
1371 1270 1416 1317 p.
1451 1251 1611 1299 58-61.

199 1325 281 1372 His
306 1325 531 1388 signorum
554 1326 756 1392 partibus
780 1326 834 1374 ad
858 1327 1019 1374 mensis
1042 1327 1134 1374 dies
1153 1366 1164 1384 ‚
1194 1328 1356 1393 quibus
1382 1340 1486 1376 tunc
1508 1340 1616 1377 tem-

196 1403 318 1468 poris
340 1404 662 1469 respondebant
686 1404 925 1451 secundum
947 1403 1204 1452 laterculum
1222 1443 1234 1463 ,
1267 1406 1388 1471 quod
1418 1425 1517 1471 pag.
1552 1408 1609 1473 57

195 1475 425 1547 praemisit,
451 1481 621 1540 relatis,
647 1494 844 1531 accurate
866 1482 1052 1546 intelligi
1084 1495 1255 1549 potest,
1281 1485 1458 1549 quando
1488 1504 1611 1550 quae-

193 1559 309 1624 piam
329 1559 454 1608 stella
469 1579 584 1607 anno
599 1561 744 1626 primo
757 1561 785 1607 J
789 1559 958 1617 uliano,
975 1560 1042 1608 vel
1059 1563 1213 1609 Romae
1224 1599 1237 1619 ,
1251 1561 1320 1609 vel
1338 1561 1611 1611 Alexandriae

194 1646 289 1682 orta
311 1635 394 1692 sit,
419 1635 485 1683 vel
507 1635 733 1692 occiderit,
754 1635 869 1683 unde
885 1673 898 1693 ‚
925 1634 1052 1701 quale
1071 1648 1195 1685 ortus
1218 1655 1451 1687 occasusve
1476 1657 1612 1702 genus

191 1713 233 1759 in
257 1712 408 1761 Ovidii
426 1713 702 1779 aliorumque
716 1713 1022 1762 notationibus
1044 1713 1375 1777 intelligendum
1397 1716 1477 1773 sit,
1503 1735 1610 1782 qua-

193 1802 320 1840 tenus
341 1792 396 1839 ad
417 1792 639 1840 veritatem
658 1792 997 1839 astronomicam
1016 1791 1244 1850 accedant,
1264 1791 1333 1840 vel
1352 1792 1541 1859 denique
1554 1812 1610 1841 an

192 1865 489 1929 negligentiae,
509 1867 577 1915 vel
604 1867 792 1915 Ovidius
808 1905 821 1924 ,
844 1866 912 1914 vel
934 1868 1027 1932 ejus
1044 1880 1243 1916 auctores
1267 1867 1472 1934 culpandi
1491 1869 1607 1927 sint,

190 1943 373 2008 judicari
396 1956 556 2010 potest.
593 1946 739 2008 Quam
771 1945 997 1994 fructuosa
1033 1945 1091 1993 sit
1120 1946 1212 1994 haec
1242 1946 1330 2003 via,
1365 1964 1496 2011 quam
1519 1946 1607 2011 jam

195 2022 395 2069 petavius
420 2034 705 2087 exposuerat,
727 2022 782 2070 ad
806 2023 1003 2071 criticum
1024 2023 1084 2071 rei
1108 2023 1304 2071 studium
1319 2061 1331 2081 ,
1362 2023 1607 2076 luculenter

195 2099 394 2147 laudatus
417 2100 483 2148 Ill
506 2099 648 2147 Pfaffii
672 2099 785 2146 liber
807 2100 1024 2155 ostendit,
1060 2100 1136 2165 qui
1161 2111 1303 2148 tamen
1325 2119 1606 2149 numerorum

195 2177 311 2243 typis
330 2167 636 2243 cupressorum
653 2188 895 2224 accuratam
919 2176 1248 2239 castigationem
1265 2177 1426 2242 passim
1454 2177 1501 2224 in
1527 2197 1606 2225 su-

192 2255 430 2320 spicionem
454 2254 622 2302 vocavit
637 2291 649 2310 ‚
674 2265 719 2301 et
742 2252 874 2306 semel
903 2253 950 2300 in
971 2252 1117 2301 locum
1140 2253 1319 2310 incidit,
1353 2255 1430 2320 qui
1458 2266 1608 2320 aperte

190 2331 324 2380 falsus
343 2343 433 2380 erat
456 2332 532 2397 (p.
558 2330 663 2396 95).
684 2330 897 2394 Quaedam
914 2331 1044 2379 etiam
1062 2332 1188 2394 signa
1206 2331 1252 2380 in
1270 2332 1432 2380 Ovidio
1451 2332 1604 2390 obvia,

189 2408 409 2474 Aquarius
434 2419 477 2456 et
498 2407 645 2455 Pisces
662 2406 728 2453 ibi
751 2407 908 2455 desunt
921 2444 933 2465 ‚
957 2419 1001 2455 et
1022 2427 1074 2455 ex
1095 2408 1339 2456 accessione
1361 2406 1605 2476 horizontis

190 2485 483 2541 atheniensis,
520 2483 597 2549 qui
620 2482 683 2530 ibi
714 2502 825 2549 saepe
864 2483 1156 2542 desideratur,
1188 2505 1393 2549 magnum
1424 2486 1606 2534 haberet

188 2562 500 2610 incrementum
520 2559 596 2608 illa
619 2560 786 2608 Petavii
809 2559 972 2607 tabula.

255 2638 380 2701 Quas
400 2638 537 2701 igitur
560 2636 710 2685 Ovidii
732 2637 982 2685 notationes
1003 2635 1198 2700 singulas
1219 2638 1258 2686 si
1275 2639 1376 2705 quis
1398 2638 1454 2687 ad
1475 2638 1605 2686 tabu-

195 2716 257 2763 las
283 2714 378 2764 illas
401 2716 568 2779 exiget,
593 2715 814 2764 advocatis
838 2714 935 2764 aliis
956 2714 1219 2773 kalendariis
1240 2717 1527 2775 sideralibus,
1550 2716 1605 2764 ad
