1826 3054
543 195 941 241 FASTORUM
979 196 1110 239 LIB.
1152 197 1257 241 ΙΙΙ.

1514 213 1599 258 227

199 288 373 337 Dicitur
393 287 561 345 infirma
584 307 723 337 cornu
746 287 936 337 tenuisse
960 286 1138 335 sinistra

264 366 462 423 Femina,
488 385 622 432 quum
648 365 702 413 de
724 384 770 414 se
793 364 969 413 nomina
990 363 1092 411 fecit
1113 382 1247 429 aquae.

201 443 328 492 Paene
352 441 482 491 simul
502 442 658 509 periit,
680 442 783 490 dum
806 440 900 490 vult
922 458 1173 489 succurrere
1194 439 1326 507 lapsae

266 521 440 578 Frater,
462 531 508 568 et
528 530 721 568 extentas
744 518 935 585 porrigit
952 536 1091 584 usque
1112 536 1280 566 manus.

202 597 376 654 Flebat,
399 608 452 645 ut
473 596 629 645 amissa
653 595 816 660 gemini
839 606 1041 643 consorte
1062 594 1241 661 pericli,

268 674 464 724 Caeruleo
481 675 675 740 junctam
698 673 874 722 nescius
894 691 987 721 esse
1008 673 1119 720 Deo.

201 753 429 803 Litoribus
452 752 578 800 tactis
601 750 731 799 Aries
752 750 804 798 fit
826 750 950 799 sidus
968 770 979 798 ε
1001 761 1047 798 at
1066 749 1199 814 hujus

1545 765 1611 808 875

265 830 468 879 Pervenit
488 829 536 876 in
557 827 744 877 Colchas
766 846 894 876 aurea
915 826 1014 875 lana
1036 827 1207 876 domos.

199 909 328 956 TRES
347 907 429 956 ubi
451 906 679 954 Luciferos
700 905 878 953 veniens
900 904 1159 971 praemiserit
1174 905 1292 963 Eos,

263 987 484 1052 Tempora
503 982 735 1031 nocturnis
755 1001 878 1048 aequa
902 981 1059 1030 diurna
1078 981 1204 1030 feres.

201 1065 323 1112 INDE
345 1072 498 1128 quater
514 1071 668 1126 pastor
690 1069 863 1107 saturos
881 1058 961 1107 ubi
984 1056 1187 1105 clauserit
1208 1056 1381 1116 haerlos,

269 1139 512 1187 Canuerint
532 1136 680 1185 herbae
698 1155 798 1184 rore
819 1146 992 1184 recente
1017 1146 1197 1201 quatem

204 1218 344 1265 Janus
363 1215 634 1270 adorandus,
656 1232 843 1280 cumque
867 1212 955 1260 hoc
975 1211 1224 1260 Concordia
1245 1210 1389 1269 mitis,

271 1294 332 1340 Et
350 1293 550 1340 Romana
572 1289 725 1348 Salus,
750 1307 909 1355 araque
930 1288 1057 1335 Pacis
1081 1287 1175 1335 erit.

207 1369 345 1416 Lmu
367 1367 481 1430 regit
503 1385 672 1415 menses
690 1387 701 1414 :
725 1365 859 1431 hujus
883 1383 1060 1432 quoque
1084 1375 1283 1431 tempora
1305 1364 1468 1412 mensis

271 1444 391 1493 Finit
410 1443 630 1493 Aventino
652 1444 779 1491 Luna
797 1441 981 1491 colenda
998 1443 1122 1508 jugo.

207 1552 327 1588 Ennio
337 1558 520 1597 tantopere
529 1550 646 1585 laudat
656 1563 666 1585 ι
675 1564 693 1579 α
706 1548 813 1584 oeulis
822 1562 880 1595 po-

208 1618 227 1634 »
240 1610 411 1638 stremum
429 1603 548 1637 lumen
569 1601 743 1636 radiatum
757 1614 849 1646 rape.
860 1615 879 1631 ι-

205 1654 397 1690 Mitscherl.
418 1667 501 1689 vero
516 1657 656 1698 capiant
671 1653 882 1688 servavit.—

205 1706 436 1740 Mravisseanus
452 1718 553 1746 am,
572 1707 786 1755 χρυσὸμαλλσς.
798 1704 881 1738 Jam

207 1757 384 1793 Hesiodus
397 1764 433 1793 et
452 1757 672 1804 Pherecydes
684 1757 716 1791 ei
734 1769 882 1791 aureum

207 1809 317 1844 vellus
327 1808 515 1850 dederant;
533 1809 664 1856 Hygin.
676 1809 775 1844 Poet.
788 1810 881 1844 Astr.

209 1858 303 1894 dicto
321 1859 409 1894 loeo.
428 1859 534 1905 Apud
549 1860 734 1904 eumdem,
754 1859 822 1894 sab.
837 1861 859 1894 3
870 1885 880 1903 ,

210 1918 323 1945 mater
338 1911 483 1946 arietem
504 1911 702 1946 inauratum
720 1911 882 1955 adducit,

211 1962 368 2008 Neptuni
379 1970 414 1998 et
421 1962 654 2008 Theophanes
663 1962 784 1997 filium.
798 1963 884 1997 Pur·

211 2027 362 2060 pureum
374 2014 459 2050 illud
475 2014 583 2049 vellus
600 2014 777 2049 Acusilaus
786 2021 887 2049 vocat

210 2068 250 2102 in
261 2067 376 2102 Schol.
388 2066 431 2103 ad
444 2067 671 2113 Apollonium
680 2093 691 2110 ‚
710 2066 776 2110 lv,
792 2079 805 2100 1
815 2068 886 2111 ¹47·

212 2118 422 2154 VideVossii
428 2120 613 2165 Asstholog.
619 2118 746 2162 Brit-se,
758 2124 844 2152 tom.
850 2117 867 2151 l
875 2142 887 2161 ,

212 2182 287 2215 pag.
304 2172 391 2214 254:
414 2170 629 2216 Apollodoro
651 2176 687 2204 et
705 2169 831 2204 Tzetze
850 2168 888 2202 in

214 2222 387 2270 Lycophr.
408 2236 484 2268 pag·
503 2236 519 2268 7
531 2249 542 2266 ‚
561 2221 777 2264 auctoribus,
801 2221 889 2256 aries

213 2273 317 2308 dorso
331 2275 509 2320 impositos
524 2277 616 2308 vetit
629 2286 702 2308 non
707 2287 771 2317 per
771 2273 869 2318 freta
877 2300 887 2314 ,

210 2325 275 2360 sed
295 2339 358 2370 per
382 2339 473 2361 aera.
495 2325 657 2361 Omnino
679 2325 753 2361 hac
772 2325 890 2359 sabula

212 2377 362 2411 maxima
385 2379 549 2413 varietate
574 2378 682 2413 relata
702 2385 763 2413 est.

256 2429 331 2474 877.
361 2431 605 2475 &uisae-titan
636 2443 769 2465 oemum
798 2429 891 2466 VIII

216 2477 366 2514 Kalend.
384 2481 521 2526 Aprilis.
540 2482 633 2516 Vide
650 2482 693 2516 ad
711 2495 799 2516 vers.
815 2483 890 2516 851.

218 2530 373 2574 Plinius,
398 2532 550 2576 XVIII,
571 2533 618 2568 66
638 2546 647 2567 :
666 2547 683 2563 κ
708 2533 892 2578 AEquino-

220 2596 237 2611 υ
256 2582 365 2616 etium
379 2596 527 2618 vernum
540 2584 584 2618 ad
598 2584 692 2619 diem
706 2583 799 2619 VIII
813 2584 892 2619 Kal.

221 2650 238 2665 ›-
258 2636 384 2680 Api-ilis
393 2638 511 2682 peragi
522 2637 671 2676 videtur.
680 2652 698 2669 n
711 2637 818 2672 Varie
831 2650 894 2672 au-

944 1556 1017 1584 tem
1031 1548 1116 1583 olim
1132 1548 1337 1593 aequinoctia
1352 1546 1620 1582 constitueban-

945 1609 1023 1636 tur:
1037 1599 1232 1634 Columella
1242 1625 1252 1642 ‚
1274 1600 1328 1634 lx
1340 1625 1351 1642 ,
1369 1600 1408 1642 14
1420 1625 1430 1641 ‚
1449 1613 1467 1628 ιι
1477 1598 1552 1634 Nec
1561 1611 1619 1633 me

947 1668 965 1684 a.
980 1652 1066 1688 fallit
1082 1651 1273 1698 Hipparchi
1288 1651 1377 1685 ratio
1390 1676 1400 1693 ,
1426 1663 1503 1695 quae
1518 1650 1622 1685 docet

947 1720 967 1736 κ
981 1704 1123 1739 solstitia
1144 1710 1180 1738 et
1201 1702 1407 1748 equinoctia
1428 1714 1501 1736 non
1520 1709 1624 1736 ocia-

947 1772 967 1788 »
983 1757 1034 1792 vis
1045 1783 1055 1800 ‚
1070 1755 1131 1791 sed
1146 1755 1267 1801 primis
1279 1755 1432 1801 partibus
1441 1755 1624 1800 signorum

948 1824 966 1840 ι·
982 1808 1119 1844 confici.
1135 1808 1272 1842 Verum
1286 1807 1321 1841 in
1338 1807 1402 1841 hac
1412 1807 1503 1840 ruris
1520 1806 1624 1841 disci·-

948 1875 968 1892 1·
982 1861 1076 1906 plina
1091 1871 1219 1904 sequor
1232 1871 1328 1893 nunc
1344 1857 1480 1893 Eudoxi
1494 1865 1530 1892 et
1539 1857 1624 1892 Me-

949 1925 968 1942 »
986 1911 1077 1946 tonis
1088 1937 1099 1954 ,
1119 1911 1414 1956 antiquorumque
1431 1909 1535 1944 fastos
1553 1909 1623 1944 As·

950 1978 969 1994 ιο
986 1964 1201 2009 trologorum
1215 1989 1227 2005 ‚
1247 1962 1307 2008 qui
1326 1969 1410 1997 sunt
1430 1961 1534 2007 aptati
1556 1974 1626 2007 pu-

951 2030 970 2046 »
985 2016 1081 2051 blicis
1098 2014 1280 2050 sacrificiis.
1298 2029 1316 2044 »

994 2068 1070 2113 879.
1095 2065 1397 2111 Circumloquitur
1413 2065 1450 2098 V
1472 2063 1624 2100 Kalend.

953 2118 1082 2164 Aprilis
1091 2119 1163 2153 sive
1175 2118 1270 2152 diem
1284 2132 1324 2164 ²7
1335 2117 1455 2152 Martii
1466 2143 1478 2161 ,
1489 2130 1559 2162 quo
1569 2116 1624 2151 die

952 2171 1086 2204 lr'estnae
1099 2171 1188 2204 Jane‘
1197 2196 1207 2210 ,
1234 2170 1364 2204 Salutis
1377 2196 1386 2210 ,
1407 2170 1599 2204 Concordia
1611 2195 1620 2208 ,

952 2222 1222 2256 Paeon—Salus
1232 2247 1241 2261 ‚
1262 2220 1434 2256 valetudo.
1450 2220 1627 2265 Augustus

954 2279 1025 2307 ires
1043 2279 1172 2307 statuas
1190 2273 1304 2317 posuit
1319 2279 1438 2316 Υγίηας
1458 2276 1626 2316 depavit«,

954 2332 1007 2362 καὶ
1024 2318 1174 2370 &pruine
1198 2331 1252 2361 καὶ
1273 2319 1415 2376 ἑφῆνης·
1450 2326 1627 2369 Zonaras,

956 2378 991 2413 X
1002 2404 1013 2421 ,
1023 2377 1122 2421 34.—
1127 2377 1184 2412 De
1194 2390 1257 2412 ara
1267 2379 1371 2412 Pac-125
1383 2376 1461 2412 vide
1473 2377 1491 2412 I
1501 2403 1512 2420 ‚
1530 2388 1607 2424 709.

998 2430 1074 2465 883.
1089 2431 1194 2463 Lame
1210 2429 1301 2464 aedes
1316 2428 1353 2463 in
1371 2430 1547 2464 Aventino.
1562 2428 1630 2463 Li-

956 2481 1031 2516 vius
1041 2507 1052 2524 ‚
1063 2481 1147 2524 XL,
1158 2495 1196 2523 2·,
1211 2480 1322 2516 Rufus
1332 2482 1369 2516 in
1379 2481 1537 2527 Regioue
1546 2481 1630 2517 XII.

958 2534 1075 2569 Etiam
1089 2533 1230 2569 Tacitus
1242 2533 1367 2568 Annal.
1378 2534 1460 2577 XV,
1473 2535 1528 2578 41,
1539 2540 1632 2568 tem-

957 2586 1055 2631 plum
1066 2586 1170 2619 Luae
1179 2590 1351 2619 memorat
1359 2610 1369 2630 ,
1384 2584 1479 2630 quod
1491 2584 1635 2620 Servius

959 2636 1095 2671 Tullius
1108 2635 1313 2671 condiderit.
