1826 3054
498 239 906 287 PASTonUM-
937 242 1072 285 ΜΒ.
1116 243 1155 286 1.
1484 259 1539 304 27

121 329 225 378 Haec
246 328 356 378 mihi
380 327 496 378 dicta
518 329 679 387 semel,
704 330 814 379 totis
833 330 1044 379 haerentia
1063 331 1227 389 Fastis,

183 407 248 454 Ne
271 406 426 455 seriem
447 425 595 456 rerum
618 407 817 457 scindere
840 427 998 472 cogar,
1023 420 1166 458 erunt.

119 484 245 531 EccE
267 483 350 531 tibi
370 483 588 542 faustum,
615 484 898 543 Germanice,
922 486 1102 534 nuntiat
1122 503 1312 542 aunum;

183 561 323 626 Inque
346 580 444 610 meo
467 559 638 628 primus
661 563 853 611 carmine
876 564 1020 612 Janus
1043 563 1179 613 adest.

116 639 227 687 Jane
250 639 425 705 biceps,
447 640 552 688 anni
574 640 703 689 tacite
727 640 920 690 labentis
944 641 1098 703 origo;
1500 653 1543 685 6-3

185 715 316 764 Solus
341 716 395 764 de
417 716 600 783 Superis
623 717 699 783 qui
719 730 797 765 tua
817 729 939 780 terga
962 714 1109 774 vides3

118 791 285 840 Dexter
304 792 407 841 ades
429 793 645 851 ducibus,
670 813 863 861 quorum
885 812 1041 842 secura
1061 792 1213 841 labore

181 869 287 918 Otia
310 882 426 919 terra
447 871 567 920 ferax
581 910 595 930 ‚
624 872 716 921 otia
736 883 904 939 pontus
928 871 1033 933 agit.

117 946 283 995 Dexter
305 947 408 997 ades
430 948 722 1016 patribusque
747 948 836 998 tuis
850 986 863 1008 ‚
886 947 1148 1016 populoque
1173 946 1380 1010 Quirini:

117 1088 246 1124 aversi,
271 1086 330 1131 qui
351 1099 426 1121 non
445 1086 636 1122 exaudiunt
651 1100 771 1132 preces
783 1113 795 1130 ,

119 1145 197 1172 vota
210 1150 281 1172 non
294 1145 368 1172 rata
380 1152 452 1174 esse
461 1139 597 1183 jubent.
610 1139 711 1185 Soepe
722 1139 797 1175 hac

119 1189 191 1224 duo
205 1191 346 1226 confusa
361 1199 445 1226 sunt
460 1205 480 1227 a
494 1192 652 1228 librariis.
663 1192 796 1227 —Re-

117 1243 193 1287 gius
210 1252 331 1283 noster
345 1244 376 1279 B
391 1245 484 1280 solus
498 1244 603 1280 babet
611 1257 737 1280 averso.
753 1245 795 1279 ln

119 1293 237 1330 codice
254 1296 287 1330 A
312 1295 440 1340 legitur
452 1297 637 1339 Danp103
661 1295 706 1330 de
729 1308 797 1341 qua

118 1347 288 1392 scriptura
303 1347 382 1382 vide
404 1348 448 1382 ad
472 1349 621 1383 Metam.
639 1352 673 1386 X
686 1373 697 1392 ,
720 1348 795 1392 371.

117 1399 183 1432 Ed.
194 1416 239 1424 -
253 1400 439 1438 Ila-tenth.
458 1399 624 1442 valentia,
641 1398 796 1434 tenenda

119 1463 182 1495 per
196 1457 310 1485 totum
330 1449 397 1485 hoc
410 1463 509 1496 opus.

159 1501 213 1535 63.
224 1501 320 1536 Hinc
329 1503 495 1536 Jaunan‘i
499 1504 729 1536 aembdia
738 1502 797 1536 in-

115 1551 258 1597 cipiunt.
282 1551 466 1597 Quoniam
491 1551 572 1587 Kal.
588 1552 673 1588 Jan.
697 1553 797 1588 alteri

117 1603 262 1648 quisque
280 1615 416 1637 novum
436 1603 797 1649 annumgratutaba-

118 1663 176 1690 tur
194 1682 204 1698 ,
231 1655 315 1690 inde
338 1655 494 1700 jucunda
518 1655 592 1691 hac
617 1657 796 1691 conversio

116 1707 236 1750 fluxit,
258 1709 351 1742 Ecce
371 1709 439 1742 tibi
456 1715 522 1742 etc.
546 1708 649 1753 eique
669 1709 796 1744 addite

113 1766 196 1793 sunt
205 1759 307 1794 bonae
320 1759 547 1804 precationes.
557 1759 775 1797 Claudianus
782 1789 794 1806 ,

115 1811 297 1854 XXVIII,
314 1812 382 1855 640
392 1838 402 1855 ,
419 1813 534 1847 Janus
549 1828 567 1843 α
579 1826 714 1848 novum
729 1814 797 1849 sas-

118 1878 134 1892 »
150 1863 193 1898 tis
217 1863 329 1909 aperit
346 1864 502 1899 felicibus
526 1877 663 1899 annum
681 1891 691 1908 ,
717 1864 794 1900 Ore

119 1929 135 1943 »ο
152 1922 338 1950 coronatus
353 1915 506 1961 gemino.
519 1930 537 1946 ›-
552 1916 690 1951 Formae
701 1919 794 1951 bici-

110 1968 195 2008 pitis
216 1965 306 1999 ratio
330 1965 369 1999 in
394 1979 479 2012 seqq
505 1966 677 2002 redditur.
703 1967 795 2003 Eam

117 2015 219 2060 paulo
235 2016 384 2060 iocosius
396 2042 406 2059 ,
423 2017 486 2051 sed
499 2017 641 2063 ingenio
655 2032 719 2054 suo
731 2032 795 2054 sa-

117 2069 158 2103 tis
173 2068 435 2103 accommodate
451 2095 462 2112 ‚
486 2069 793 2116 circumloquium,

117 2122 216 2155 Solus
230 2123 273 2155 de
287 2122 421 2165 Superis
434 2127 499 2156 etc.
509 2140 553 2147 —
565 2123 797 2169 Demuaage

116 2180 215 2208 notat
230 2174 322 2207 sumi
339 2186 437 2219 posse
450 2199 460 2216 ,
480 2179 574 2218 terga
593 2174 684 2219 apud
699 2175 796 2210 Lati-

118 2237 183 2259 nos
197 2237 269 2259 non
285 2224 389 2260 fuisse
407 2226 554 2260 verbum
576 2233 647 2260 tam
664 2226 796 2263 humile

116 2285 152 2313 et
167 2277 349 2312 sordidum
359 2303 369 2321 ,
386 2290 492 2323 quam
509 2278 601 2324 apud
616 2278 735 2315 Gallos
747 2283 798 2315 les

107 2331 246 2375 sesses:
260 2343 344 2366 sane
354 2357 364 2374 ,
382 2330 448 2365 suit
462 2343 529 2365 vox
542 2332 623 2366 satis
639 2332 796 2368 honesta.

116 2385 283 2428 -Ονίςο,
300 2384 356 2418 cui
369 2384 510 2418 initium
521 2385 606 2418 anni
621 2383 794 2430 dicatum,

118 2443 153 2470 et
170 2450 189 2470 a
202 2449 274 2481 quo
288 2436 421 2482 primus
436 2437 572 2485 mensis
583 2438 797 2473 nominatus.

117 2489 259 2523 —Bene
269 2493 373 2524 tacite
384 2492 527 2531 labens‚·
544 2490 678 2525 etenim
688 2518 698 2533 ,
713 2504 797 2525 auc-

120 2548 194 2575 tore
208 2541 343 2576 Senem
357 2541 401 2576 de
416 2542 520 2576 Brev.
534 2543 607 2578 Vit.
622 2544 643 2578 8
655 2568 665 2586 ,
685 2559 703 2574 σι
720 2557 795 2579 non

119 2607 136 2621 ι»
155 2592 388 2627 tumultuatur
408 2600 546 2639 tempus
566 2596 768 2640 praeteriens
784 2624 794 2641 ,

120 2659 137 2674 υ
155 2656 221 2678 nec
236 2643 401 2680 admonet
415 2658 480 2681 nos
496 2647 685 2683 velocitatis
700 2662 771 2683 suae
783 2676 794 2693 ‚

121 2710 137 2724 ιι
155 2695 216 2730 sed
241 2696 342 2731 tacite
365 2697 502 2732 labitur.
523 2714 540 2728 ›-
566 2699 625 2734 Sic
644 2700 718 2735 Art.
738 2702 793 2745 11,

119 2747 184 2792 670
195 2773 205 2791 ,
222 2756 377 2794 senecta,
391 2757 426 2786 et
439 2751 532 2797 apud
542 2753 722 2788 Tibullum
733 2780 742 2798 ,
755 2755 770 2789 1
784 2780 794 2799 ,

860 1097 903 1129 x,
927 1087 992 1130 34,
1017 1098 1112 1120 mors
1131 1100 1149 1116 κ
1167 1085 1272 1120 tacito
1294 1083 1382 1130 pede
1406 1085 1514 1119 venit.
1528 1099 1544 1113 υ

862 1139 959 1184 Ergo
976 1139 1011 1173 h.
1029 1138 1051 1172 l.
1073 1151 1147 1172 non
1167 1137 1317 1172 debebat
1340 1137 1429 1171 verti
1446 1163 1456 1180 ,
1480 1139 1547 1171 das

858 1191 1015 1234 Iangsam
1028 1190 1219 1223 eandelaede
1230 1190 1321 1222 Jahr
1330 1201 1341 1222 .·
1350 1188 1463 1223 immo
1475 1188 1546 1223 cito

862 1241 951 1286 pede
969 1241 1108 1275 labitur.

905 1292 959 1335 67.
978 1293 1160 1334 ριοηιιιι..
1174 1316 1200 1324 ..
1211 1293 1301 1334 agit,
1320 1302 1474 1335 quorum
1490 1289 1547 1323 lan

861 1343 947 1378 bore
965 1355 1029 1388 pax
1039 1350 1133 1377 terra
1142 1343 1301 1388 marique
1316 1350 1426 1388 parta.
1438 1343 1546 1377 Forte

862 1396 1023 1431 universe
1034 1395 1169 1430 locutus
1180 1402 1233 1430 est
1241 1395 1286 1429 de
1299 1395 1464 1430 omnibus
1474 1393 1543 1428 du-

859 1448 957 1482 cibus
966 1474 975 1490 ,
986 1447 1045 1492 qui
1055 1472 1065 1490 ,
1077 1454 1116 1482 ut
1124 1447 1301 1493 Augustus
1307 1453 1385 1492 post
1390 1458 1546 1492 pugnam

863 1500 1043 1534 Actiacam
1063 1526 1074 1543 ‚
1107 1512 1230 1545 pacem
1259 1507 1545 1545 composuerunt.

862 1553 927 1588 Sin
945 1553 1022 1598 quis
1037 1559 1138 1598 putet
1148 1578 1159 1595 ,
1176 1552 1250 1587 hoc
1264 1552 1306 1587 ad
1322 1553 1437 1587 solum
1451 1551 1548 1587 Ger-

861 1605 1042 1640 manicum
1051 1604 1237 1639 referenda
1245 1631 1256 1648 ,
1267 1604 1458 1640 dicendum
1468 1631 1479 1648 ,
1490 1603 1547 1638 in-

860 1662 955 1690 certa
971 1668 1044 1690 esse
1059 1667 1156 1690 anno
1181 1669 1215 1690 u.
1230 1670 1260 1691 c.
1278 1669 1363 1702 770,
1391 1657 1456 1692 sub
1472 1657 1546 1691 Ti—

860 1709 978 1752 berio,
993 1722 1105 1755 quum
1124 1708 1359 1745 Germanicus
1376 1709 1421 1744 de
1438 1709 1545 1744 Che-

862 1762 968 1797 ruscis
977 1788 988 1806 ‚
1002 1762 1116 1797 Cattis
1126 1762 1270 1808 aliisque
1281 1762 1416 1808 populis
1425 1762 1549 1797 trium·

862 1814 1021 1860 phasset3
1048 1815 1191 1850 Tacitus
1207 1841 1218 1858 ‚
1247 1815 1317 1850 An.
1346 1816 1383 1851 ll
1398 1841 1409 1858 ,
1434 1817 1487 1859 4¹·
1501 1834 1547 1841 —

862 1869 974 1902 Ferat
984 1875 1124 1903 tantum
1138 1869 1467 1903 ornat—Securitas
1475 1866 1550 1902 fre-

862 1934 973 1966 quens
994 1921 1087 1967 pacis
1111 1921 1341 1962 attributum;
1364 1921 1382 1955 1
1397 1920 1548 1955 Metam.

864 1986 928 2007 100
939 1999 950 2016 ,
975 1989 993 2004 σι
1019 1974 1143 2008 Mollia
1172 1986 1303 2009 secura
1330 1973 1546 2019 peragebant

863 2040 881 2056 ι·
899 2026 969 2060 otia
986 2034 1116 2072 gentes.
1132 2042 1150 2058 »
1168 2027 1287 2062 Etiam
1297 2027 1363 2061 h.t.
1376 2025 1545 2061 Heinsius

860 2082 934 2113 otia
947 2083 1022 2123 agit
1042 2091 1107 2124 pro
1128 2082 1201 2113 Μία
1221 2081 1323 2113 Μαί
1341 2091 1385 2113 ex
1406 2084 1544 2123 septem

861 2129 961 2164 MSS
986 2129 1118 2175 recepit
1136 2155 1147 2173 ,
1179 2141 1329 2175 eamque
1355 2129 1544 2164 lectionem

861 2182 1027 2227 exemplis
1038 2182 1271 2218 confirmavit.
1279 2202 1325 2209 —
1334 2183 1423 2217 Tres
1432 2183 1544 2216 nostri

862 2233 963 2280 Regii
977 2234 1114 2270 codices
1133 2235 1220 2270 daut
1242 2240 1314 2270 otia
1329 2240 1456 2279 pontus
1470 2237 1544 2268 ba·-

861 2289 919 2320 bet
930 2300 941 2320 .·
955 2287 1079 2333 sepius
1101 2288 1246 2334 quidem
1269 2287 1362 2333 apud
1387 2295 1545 2322 auctores

862 2339 1039 2384 reperitur
1053 2341 1203 2375 verbum
1213 2353 1311 2385 agere
1325 2352 1406 2375 cum
1417 2343 1519 2374 olium
1532 2367 1541 2379 ‚

855 2403 986 2434 pacem,
1005 2393 1127 2426 bellum
1138 2399 1203 2427 etc.
1216 2392 1412 2437 Aliquoties
1422 2399 1542 2426 tamen

860 2455 942 2477 cum
967 2441 1060 2477 bisce
1085 2443 1259 2478 vocabulis
1281 2443 1442 2489 jungitur
1455 2455 1540 2477 ver—

860 2495 947 2529 bum
960 2497 1082 2529 habere
1091 2508 1102 2529 .·
1119 2495 1250 2540 judicet
1265 2495 1385 2531 lector.
1399 2497 1467 2530 Ed.

904 2546 957 2593 59.
975 2547 1105 2590 Populo
1124 2547 1267 2590 Quirini.
1292 2546 1462 2582 Horatius
1473 2572 1483 2590 ‚
1503 2547 1541 2589 Ι,

860 2610 891 2633 11
902 2626 911 2642 ,
930 2599 991 2642 46,
1012 2601 1125 2634 Latus
1138 2602 1274 2634 &tersis
1282 2602 1409 2644 populo
1425 2601 1543 2643 Quin·-

860 2655 920 2692 m‘‚·
944 2651 1072 2686 Noster
1087 2652 1155 2687 XV
1171 2651 1411 2698 Metamorph.
1427 2655 1490 2697 572
1507 2660 1543 2686 et

864 2704 938 2749 756,
949 2708 1071 2747 patrie
1082 2706 1192 2739 letan
1195 2707 1383 2751 populoque
1400 2707 1543 2749 Quirini.

861 2755 933 2790 Sed
955 2770 1019 2792 cur
1027 2762 1145 2801 palus
1160 2757 1327 2794 dicuntur
1343 2771 1416 2794 esse
1435 2759 1535 2802 Jani,
