1826 3054
235 259 262 315 zi
725 257 1168 302 PROOEMIUM.

234 370 332 400 sum
361 367 455 399 esse
483 349 663 414 judicat.
702 349 1008 399 Com-edamus
1037 350 1196 414 igitur,
1222 350 1342 416 quod
1373 362 1417 398 et
1448 351 1657 399 recentis-

235 432 334 481 simi
352 433 586 481 Fastorum
609 433 902 498 Interpretes‚
922 431 1135 488 Lenius,
1158 430 1396 489 Krebsius‚
1419 432 1633 480 Gesenius
1647 470 1658 488 ‚

232 513 420 581 amplexi
460 525 563 563 sunt
581 551 593 571 ‚
637 513 847 580 quodque
882 513 1012 561 etiam
1046 512 1212 561 Jacobs
1254 513 1299 560 in
1334 513 1565 562 Animadv.
1603 515 1654 562 ml

233 594 417 645 Anthol.
443 595 579 644 Graec.
606 594 690 643 vol.
712 596 777 643 Ill
797 632 809 650 ‚
830 595 878 641 P.
901 596 942 642 ll
961 632 972 651 ‚
993 613 1037 661 p.
1068 593 1148 641 161
1169 631 1181 652 ‚
1203 606 1375 651 tuetur,
1396 594 1651 643 Callimachi

232 697 406 727 carmen
425 677 704 726 obversatum
725 694 819 724 esse
838 674 988 723 Ovidii
1009 675 1188 737 ingenio
1203 713 1215 733 ‚
1237 694 1372 742 quum
1395 694 1522 724 suum
1542 696 1655 742 opus

234 759 477 809 moliretur.
500 758 633 807 Aliud
655 770 798 807 tamen
818 769 903 815 est,
926 777 1079 806 causas
1097 776 1241 806 rerum
1256 758 1312 806 ab
1332 758 1544 806 heroibus
1560 777 1654 821 ges-

232 855 401 899 tarum,
427 860 516 889 non
550 851 726 889 constat
758 859 847 906 quo
873 838 1029 887 ordine
1046 876 1059 896 ‚
1091 857 1275 894 canere;
1306 838 1424 887 aliud
1443 877 1454 895 ‚
1491 839 1654 887 Kalen-

233 924 402 973 darium
435 924 686 971 Romanum
713 922 901 971 carmine
927 922 1166 988 persequi,
1204 940 1443 988 causasque
1475 922 1654 970 reddere

233 1024 383 1054 eorum
410 1004 630 1060 omnium,
652 1022 749 1070 quae
766 1003 821 1051 ad
841 1004 936 1052 dies
955 1003 1157 1066 singulos
1179 1004 1330 1070 paucis
1353 1002 1490 1051 literis
1507 1016 1654 1052 notata

233 1099 357 1137 erant
386 1088 467 1150 (*).
508 1085 771 1154 Exemplum
800 1085 895 1150 ejus
928 1086 1216 1148 Argumentis
1250 1085 1467 1134 librorum
1505 1087 1654 1151 subje-

230 1170 368 1217 cimus
387 1206 399 1226 ,
433 1168 478 1216 id
500 1167 676 1235 quidem
690 1205 703 1225 ‚
733 1166 857 1233 quod
874 1186 896 1215 e
916 1165 1123 1233 pluribus
1141 1204 1153 1224 ,
1187 1186 1283 1233 quae
1297 1178 1471 1215 exstant
1491 1205 1503 1225 ‚
1523 1168 1654 1216 etiam

233 1249 610 1300 Mitscherlichius
626 1248 767 1312 elegit.
792 1250 996 1297 Formam
1017 1249 1110 1314 ejus
1131 1248 1266 1297 fuisse
1285 1248 1481 1296 videmus
1502 1247 1652 1305 talem,

228 1345 390 1382 utnon
409 1332 495 1380 nisi
514 1331 736 1394 ingenium
749 1330 986 1379 multarum
1004 1349 1151 1379 rerum
1170 1330 1350 1379 scientia
1369 1330 1628 1379 inundatum
1642 1370 1652 1387 ‚

228 1427 362 1481 atque
384 1412 654 1462 tenuissimis
672 1413 803 1461 etiam
821 1412 955 1460 rebus
979 1411 1246 1461 exornandis
1268 1412 1499 1469 idoneum,
1533 1413 1585 1461 ad
1606 1432 1651 1461 se

229 1489 504 1547 tractandum
524 1494 709 1542 invitare
725 1505 891 1560 posset.

292 1580 347 1627 ln
365 1577 662 1627 examinandis
684 1576 954 1626 carminibus
971 1577 1167 1625 inventio
1183 1596 1327 1626 rerum
1347 1596 1396 1626 ac
1414 1577 1650 1645 dispositio

226 1661 417 1729 primum
442 1659 630 1726 spectari
650 1658 783 1715 solet;
802 1670 933 1726 atque
945 1658 1018 1707 his
1033 1659 1258 1723 ingenium
1273 1671 1416 1727 poetoe
1432 1659 1497 1708 vel
1516 1662 1653 1708 maxi-

227 1762 296 1793 me
331 1742 584 1792 aestimatur.
623 1742 789 1789 Verum
827 1741 991 1790 ovidio
1029 1741 1130 1790 inde
1158 1741 1256 1790 laus
1294 1741 1480 1791 debetur
1509 1762 1651 1810 prope

228 1824 348 1873 nulla
366 1844 376 1882 ;
400 1824 561 1872 etenim
580 1823 699 1872 Fasti
719 1822 941 1872 docebant
958 1823 1044 1890 ipsi
1061 1838 1076 1880 ‚³
1099 1835 1142 1872 et
1160 1842 1269 1889 quas
1287 1842 1357 1872 res
1370 1860 1383 1879 ‚
1408 1835 1453 1872 et
1471 1843 1559 1890 quo
1578 1844 1653 1871 or-

228 1908 329 1956 dine
350 1906 548 1970 singulas
572 1917 790 1955 tractaret.
832 1905 924 1955 lllae
947 1924 1052 1955 vero
1073 1905 1127 1954 ad
1146 1905 1237 1954 haec
1257 1905 1391 1953 ferme
1418 1906 1560 1972 capita
1580 1926 1651 1955 re-

226 1989 372 2038 vocari
391 2000 578 2056 possunt
595 1987 675 2036 :ad
689 1987 1030 2053 descriptionem
1043 1988 1147 2036 anni
1160 1987 1350 2036 Romani
1363 2024 1375 2045 ,
1397 2006 1625 2037 numerum
1636 2027 1647 2045 ‚

227 2069 426 2120 ordinem
448 2081 490 2117 et
510 2069 690 2117 nomina
715 2068 931 2117 mensium
947 2105 959 2126 ‚
983 2067 1323 2135 discriminaque
1357 2067 1525 2117 dierum
1546 2089 1557 2126 ;
1594 2071 1647 2117 ad

228 2151 413 2201 caelestia
430 2149 677 2208 nonnulla,
714 2161 860 2198 ortum
885 2162 927 2198 et
956 2168 1160 2198 occasum
1190 2149 1381 2198 siderum
1401 2187 1413 2207 ‚
1435 2149 1559 2198 initia
1585 2151 1649 2197 vi-

230 2233 538 2282 cissitudinum
553 2250 818 2288 annuarum,
839 2231 1034 2297 solisque
1054 2248 1134 2298 per
1156 2230 1280 2293 signa
1299 2230 1472 2278 Zodiaci
1493 2230 1648 2279 decur-

228 2334 349 2371 sum;
371 2314 427 2364 ad
445 2313 764 2363 dedicationem
782 2312 1068 2379 templorum;
1083 2312 1136 2361 ad
1151 2312 1362 2361 festorum
1378 2324 1421 2360 et
1442 2311 1647 2360 ludorum

228 2397 294 2446 vel
318 2397 558 2455 rationem,
583 2394 652 2445 vel
669 2395 886 2459 originem
905 2413 917 2453 ;
941 2394 998 2443 ad
1016 2412 1087 2443 res
1105 2393 1294 2460 denique
1315 2393 1620 2443 memorabiles
1635 2433 1645 2445 .

270 2560 327 2607 (*)
346 2560 400 2595 De
419 2563 533 2595 Faslatr
551 2561 796 2596 Romanorum
814 2586 823 2602 ,
843 2557 912 2594 ta'm
931 2560 1174 2594 file-dntibus
1192 2571 1297 2604 quam
1320 2559 1517 2597 Historia-is.
1541 2571 1648 2603 pauca

228 2620 377 2656 diximus
393 2619 434 2654 ad
451 2620 487 2662 Ι,
512 2634 520 2654 ι
544 2627 578 2655 et
592 2634 620 2665 7.
640 2620 743 2655 Plura
760 2618 804 2655 de
822 2619 861 2654 iis
877 2618 1027 2665 disputat
1045 2620 1209 2654 Gesems
1225 2620 1260 2654 in
1274 2619 1451 2667 Symbolis
1464 2619 1646 2653 observat.

226 2679 268 2714 ad
288 2679 407 2715 Ovidii
429 2679 557 2715 Panos.
585 2680 764 2715 Nonnulla
784 2680 889 2716 etiam
913 2679 1076 2727 premisit
1095 2677 1243 2715 lansius
1260 2679 1350 2715 notin
1366 2679 1408 2715 ad
1436 2679 1508 2714 loca
1525 2678 1646 2714 »elect-1

192 2787 198 2792 .
230 2740 415 2775 Furorum
432 2740 470 2775 iu
491 2740 630 2785 Eury-cl.
656 2740 770 2775 schot.
