1826 3054
588 246 998 292 PASTORUM
1039 250 1175 294 LIB.
1215 242 1258 294 Ι.Ι
1594 254 1651 297 55

289 341 414 403 Quas
437 339 511 406 pia
534 341 617 388 Dis
639 341 756 389 ruris
779 339 894 390 serre
917 340 1093 391 solebat
1112 361 1235 391 anus.

226 417 350 480 Quid
376 417 467 466 tuti
482 431 688 485 superest
703 457 716 477 ‚
735 420 926 468 animam
948 439 1086 487 quum
1108 432 1246 488 ponat
1268 421 1315 468 in
1337 421 1424 470 aris

290 495 642 562 Lanigerumque
664 515 822 563 pecus,
846 496 1137 564 ruricolaeque
1159 498 1331 547 boves?

229 570 380 620 Placat
398 590 514 638 equo
538 573 687 622 Persis
710 574 845 631 radiis
868 575 1128 642 Hyperiona
1150 575 1340 624 cinctum
1355 613 1367 633 ,

1587 590 1654 625 385

289 652 357 698 Ne
381 650 511 698 detur
530 650 662 700 celeri
682 653 859 702 victima
880 653 1003 702 tarda
1024 654 1137 702 Deo.

226 727 363 790 Quod
385 728 517 777 semel
540 742 606 778 est
625 730 788 798 triplici
808 750 893 797 pro
914 731 1084 794 virgine
1106 749 1215 779 caesa
1238 730 1390 779 Dianae
1403 767 1416 788 ‚

289 808 417 855 Nunc
443 826 622 873 quoque
645 827 730 874 pro
753 808 875 857 nulla
895 809 1064 871 virgine
1087 826 1213 856 cerva
1237 808 1367 856 cadit.

223 885 337 932 Exta
357 903 515 933 canum
533 885 623 933 vidi
646 886 805 934 Triviae
828 885 968 935 libare
991 887 1192 952 Sapaeos‚

284 963 346 1009 Et
369 962 636 1029 quicumque
662 975 759 1012 tuas
781 963 943 1013 accolit
957 1002 970 1022 ‚
996 965 1146 1013 Haeme
1160 1001 1172 1021 ‚
1195 963 1332 1012 nives.
1585 980 1649 1022 390

223 1038 419 1087 Caeditur
441 1052 486 1088 et
505 1040 652 1103 rigido
676 1042 865 1089 Custodi
887 1041 1005 1090 ruris
1026 1041 1200 1090 asellus.
1447 1040 1450 1044 ’

222 1148 430 1182 Ειὶτεπᾶναιιί
438 1176 446 1189 ,
467 1148 594 1184 dieitur
605 1163 614 1191 ;
627 1149 745 1184 Livius
755 1176 766 1194 ‚
780 1150 798 1185 Ι
811 1177 821 1193 ,
837 1151 903 1193 24;

224 1198 317 1233 Ptin.
334 1199 442 1234 XXII
456 1226 467 1243 ,
484 1214 514 1234 2.
530 1218 573 1226 -
591 1202 732 1244 Carpere
748 1201 905 1237 solemne

226 1249 269 1285 de
294 1252 511 1296 pascentibus
530 1252 729 1298 pecudibus.
744 1271 790 1279 —-
803 1253 904 1287 Am·-

225 1316 314 1337 mann
323 1316 446 1347 ponere
460 1305 571 1340 leuius
585 1312 621 1339 et
635 1305 764 1351 gratius
773 1331 782 1348 ,
797 1318 903 1350 quam

224 1369 257 1388 a.
270 1358 448 1397 exhalare,
462 1358 729 1401 exspirata—»lu
741 1357 903 1402 epithetis

222 1408 405 1450 lanigerum
414 1414 449 1441 et
457 1411 607 1443 ruricola
614 1421 714 1443 causa
728 1408 812 1442 latet
819 1434 829 1451 ,
838 1420 903 1442 cur

223 1459 321 1493 triste
332 1460 376 1494 sit
389 1467 425 1494 et
438 1460 614 1505 ingratum
626 1487 637 1504 ‚
653 1461 727 1495 illas
737 1467 901 1494 mactare.

225 1509 360 1546 Confer
377 1511 524 1547 Metam.
548 1512 583 1546 d.
606 1512 628 1546 l.
652 1512 715 1546 116
735 1524 821 1556 sqq,
840 1510 901 1545 ubi

221 1563 349 1599 horum
363 1564 436 1599 vim
451 1565 748 1609 circumloquitur.

265 1616 342 1651 385.
351 1615 469 1651 Solem
479 1643 489 1659 ‚
502 1617 562 1661 qui
571 1617 686 1651 Persis
693 1616 844 1651 Mithres
852 1615 901 1649 di-

220 1668 375 1711 cebatur,
389 1680 524 1702 numen
538 1668 731 1702 maximum
748 1674 784 1702 et
798 1680 901 1702 sanc-

221 1722 391 1756 tissimum
400 1748 410 1765 ‚
422 1736 441 1757 e
451 1722 664 1768 mythologia
675 1734 784 1768 graeca
791 1724 830 1755 H
822 1734 900 1768 ype-

219 1778 316 1809 riona
322 1774 514 1821 appellavit.
523 1775 664 1816 Strabo,
676 1775 760 1817 XV,
772 1786 805 1818 p.
818 1774 896 1819 732,

219 1835 346 1873 Τιμῶσι
359 1833 391 1864 οἳ
402 1835 454 1864 καὶ
464 1819 554 1864 ihm
564 1853 573 1871 ,
592 1830 623 1862 ὃν
633 1833 758 1863 καλοῦσι
773 1833 901 1876 Μίθραν.

224 1881 432 1928 Hesychius,
444 1888 570 1931 Μίθρης·
584 1883 597 1916 ὁ
610 1888 723 1929 πρῶτος
734 1883 761 1914 ἓν
772 1881 903 1929 Πέρσαις

222 1937 303 1972 Βεές.
313 1934 421 1968 Hunc
433 1938 527 1977 equis
540 1945 611 1967 esse
627 1932 798 1977 placatum
811 1958 821 1975 ,
835 1931 902 1965 do-

223 1993 305 2020 cent
331 1985 516 2020 Hutchins.
530 1985 575 2019 ad
591 1984 751 2030 Xenoph.
771 1983 901 2031 Cyrop.

224 2038 369 2073 Dissert.
383 2038 438 2080 11,
453 2037 739 2080 1‚etBrisson.de
749 2037 794 2072 R.
804 2039 900 2072 Pers.

225 2091 260 2130 1.
280 2091 495 2134 8.——Tr1'plez
507 2089 623 2124 Diana
636 2089 742 2124 etiam
752 2090 902 2124 Heroid.

225 2144 319 2185 ΧΙῙ;
344 2141 506 2186 triformis
521 2140 627 2176 Silius
644 2141 720 2175 Ital.
738 2141 755 2174 1
772 2167 783 2183 ‚
814 2153 901 2184 1203

226 2197 347 2244 Vin-git.
371 2197 453 2232 ΖΕΒ.
472 2195 544 2239 IV,
561 2199 621 2231 511
638 2221 649 2237 ,
673 2198 742 2229 tria
762 2198 905 2238 virgiuu-

224 2264 284 2285 ονε
300 2252 444 2290 Dianoe,
459 2248 519 2283 ubi
533 2247 603 2282 vid.
621 2246 739 2281 cerda
757 2259 766 2280 ε
782 2250 904 2296 τριηρί-

225 2318 323 2342 emme
330 2309 366 2337 et
374 2299 682 2352 τρίμορφος-Ηώς
697 2310 762 2344 pro
774 2302 906 2342 virgine

225 2354 407 2400 Iphigenia
428 2355 535 2387 semel
554 2352 593 2386 in
619 2350 747 2386 Aulide
777 2349 903 2385 occidit

221 2421 337 2447 cerva,
362 2419 441 2452 quae
461 2406 635 2452 supposita
657 2411 733 2440 erat
751 2418 771 2439 a
786 2405 903 2439 Diana

224 2459 347 2504 virgini
362 2459 499 2493 Tauros
512 2458 697 2493 translatae.
712 2457 772 2492 Sic
788 2457 902 2491 Euri-

224 2512 320 2557 pides
335 2512 372 2546 in
390 2511 467 2557 lph.
486 2511 565 2546 Aut.
584 2518 620 2546 et
635 2511 745 2545 Taur.
763 2511 902 2545 Pausa—

224 2563 298 2599 nias
314 2565 425 2599 Boeoe
440 2577 516 2609 pag.
534 2565 620 2610 7483
641 2564 774 2597 Anton.
791 2562 904 2596 Libe-

226 2616 304 2650 ralis
320 2630 360 2661 ²7
378 2630 388 2657 ;
414 2616 579 2664 Hyginus
592 2642 603 2659 ,
626 2615 692 2650 sab.
714 2617 759 2662 98
774 2622 810 2649 et
827 2615 903 2648 261.

226 2670 367 2704 Verum
390 2668 538 2704 Ovidius
554 2695 563 2712 ,
588 2669 661 2704 XII
688 2669 835 2702 Metam.
860 2669 904 2711 ²4

226 2733 288 2766 sqq
301 2747 311 2763 ,
327 2721 470 2754 alteram
484 2721 707 2756 traditionem
723 2720 881 2765 sequitur
891 2746 900 2762 ,

229 2785 298 2819 qua
319 2773 392 2818 ipsa
416 2772 596 2819 Iphigenia
615 2780 763 2808 mactata
783 2779 844 2808 est.
859 2791 904 2800 —·

970 1152 1037 1185 Pm
1050 1153 1146 1185 nulla
1160 1154 1289 1195 virgine
1299 1178 1307 1189 .
1326 1161 1539 1195 quamquam
1555 1163 1627 1184 non
1642 1176 1652 1193 ‚

970 1210 1009 1237 ut
1025 1203 1129 1246 olim,
1148 1216 1213 1248 pro
1227 1202 1371 1248 virgine.

1012 1257 1088 1303 389.
1104 1257 1228 1300 θηρσί,
1245 1268 1331 1300 quos
1350 1254 1501 1300 imperiti
1520 1253 1649 1288 librarii

967 1307 1005 1341 in
1017 1308 1171 1342 notiores
1179 1308 1314 1342 Sabaeos
1328 1313 1551 1341 mutaverant
1563 1333 1571 1347 ‚
1586 1319 1650 1351 po-

968 1359 1070 1405 pulus
1080 1367 1181 1394 erant
1188 1359 1357 1394 Thraciae.
1368 1358 1542 1393 Herodot.
1556 1359 1627 1394 Vll
1638 1385 1649 1401 ‚

972 1426 984 1445 ι
995 1424 1045 1445 ιο.
1058 1412 1184 1447 Strabo
1196 1438 1205 1453 ‚
1221 1412 1254 1446 X
1268 1438 1277 1453 ‚
1291 1425 1323 1456 p.
1336 1411 1401 1455 463
1411 1437 1422 1454 ,
1432 1418 1467 1445 et
1480 1410 1650 1455 Stephan.

968 1464 1012 1499 de
1030 1465 1120 1499 Urb.
1135 1483 1180 1490 —
1196 1465 1273 1499 Hos
1288 1463 1438 1499 Ovidius
1461 1464 1531 1509 ipse
1553 1466 1651 1498 vidit.

967 1517 1077 1552 Anno
1107 1518 1205 1552 enim
1233 1530 1267 1552 u.
1291 1531 1320 1552 c.
1339 1517 1402 1561 763
1420 1517 1553 1552 Tomos
1577 1518 1651 1551 mi-

967 1583 1091 1616 grans,
1119 1571 1251 1617 appulit
1274 1571 1311 1605 in
1339 1568 1499 1605 Thraciae
1520 1571 1621 1606 litora
1636 1580 1652 1614 ς’

965 1623 1049 1658 inde
1062 1623 1207 1669 pedibus
1219 1623 1287 1657 iter
1298 1636 1362 1669 per
1371 1623 1546 1658 Bistonios
1556 1623 1647 1659 fecit.

968 1673 1022 1708 lv
1040 1687 1083 1708 ex
1094 1675 1133 1708 P.
1142 1685 1178 1717 v,
1192 1678 1222 1709 5.
1234 1674 1319 1708 Vid.
1331 1674 1479 1708 omnino
1494 1674 1649 1711 Masson.

966 1727 1040 1762 Vit.
1064 1725 1171 1762 Ovid.
1199 1726 1242 1760 ad
1268 1726 1366 1760 illum
1394 1739 1539 1762 annum.
1568 1729 1649 1763 Hoe

966 1779 1064 1814 enim
1079 1791 1167 1824 opus
1182 1779 1308 1813 Romae
1327 1785 1481 1824 coeptum
1506 1780 1650 1815 absolvit

965 1831 1003 1865 in
1020 1831 1200 1866 exsilio.—-
1209 1832 1332 1864 Libum
1346 1831 1496 1865 omnino
1508 1831 1647 1867 offerre.

967 1884 1024 1918 Ab
1047 1884 1115 1917 hoc
1138 1889 1258 1917 autem
1282 1882 1452 1917 sacrificio
1472 1883 1605 1918 Hecate
1630 1897 1649 1918 a

966 1934 1140 1980 Lycophr.
1164 1946 1251 1968 vers.
1278 1946 1340 1979 77,
1366 1940 1564 1980 Κυνσσςαγῆς
1586 1938 1649 1970 sm}

965 1993 1110 2021 vocatur
1135 1998 1144 2020 :
1162 1986 1278 2031 ibique
1298 1986 1444 2020 Tzetzes
1459 1985 1619 2021 observat
1636 2014 1646 2030 ‚

966 2044 1078 2076 &dmm
1096 2039 1126 2074 ‘P'
1141 2040 1219 2090 ἀυτῇ
1234 2042 1344 2083 κύνας,
1373 2042 1414 2078 ὡς
1431 2051 1506 2085 ᾳηάι
1521 2042 1648 2090 Σώφρων

967 2095 997 2127 ἓν
1010 2098 1128 2137 μίμοις·
1148 2094 1160 2127 ὃ
1178 2094 1234 2141 ⁷3⁷?
1251 2089 1413 2134 Ram-amu
1428 2093 1468 2126 τὰ
1491 2093 1647 2137 φάτματα.

965 2145 1059 2179 Vide
1075 2144 1122 2179 ibi
1135 2145 1269 2179 Poner.
1287 2143 1388 2178 Idem
1399 2144 1504 2178 etiam
1518 2144 1646 2179 facium

965 2197 1004 2231 in
1026 2195 1222 2243 Zerynthio
1241 2195 1401 2231 Thraciae
1423 2204 1536 2231 antro.
1553 2196 1646 2230 Vide

967 2247 1114 2282 Suidam
1134 2247 1171 2281 in
1196 2250 1367 2296 Ζηρϊνιθυν.
1386 2248 1495 2282 Plura
1515 2247 1560 2281 de
1580 2260 1643 2281 ca-

965 2311 1057 2335 num
1066 2300 1307 2335 immolatione
1323 2299 1429 2335 habet
1442 2299 1649 2335 Plutarchus

969 2351 1103 2397 Quaest.
1119 2353 1224 2387 Rom.
1241 2359 1327 2387 tom.
1344 2353 1420 2387 VII
1432 2379 1442 2395 ,
1466 2366 1539 2399 pag.
1561 2353 1619 2387 131
1633 2380 1646 2397 ,

967 2403 1050 2439 edit.
1067 2404 1184 2439 Reisk.
1203 2404 1321 2438 Etiam
1337 2405 1462 2438 Romae
1482 2404 1647 2450 Robigini

966 2457 1060 2492 canis
1075 2463 1151 2491 exta
1166 2456 1359 2498 dabantur;
1375 2457 1443 2500 IV,
1461 2457 1650 2504 9oa-N12

967 2513 1063 2547 ribus
1076 2511 1159 2545 olim
1172 2517 1277 2545 notus
1287 2511 1447 2554 Haemus,
1456 2510 1645 2546 Thraciam

967 2577 987 2598 a
1001 2570 1098 2609 parte
1117 2563 1391 2609 septemtrionali
1406 2562 1581 2598 claudens.

1010 2616 1054 2663 39
1060 2629 1071 2649 ι
1078 2642 1085 2649 .
1093 2614 1232 2651 Fabulis
1240 2614 1528 2661 petulantioribus
1537 2628 1647 2661 quum

969 2667 1119 2703 Ovidius
1137 2667 1390 2711 delectaretur,
1406 2681 1480 2702 non
1500 2668 1613 2714 potuit
1631 2681 1651 2703 a

966 2735 1002 2756 se
1022 2722 1209 2766 impetrare
1221 2748 1231 2764 ‚
1254 2721 1340 2767 quin
1358 2721 1415 2756 hic
1431 2734 1570 2767 quoque
1586 2728 1647 2756 ta·-

966 2773 1038 2808 lem
1062 2774 1233 2810 insereret
1258 2773 1301 2811 de
1324 2776 1472 2820 Priapo,
1506 2773 1645 2809 custode
