1826 3054
518 227 925 271 FASTORUM
962 230 1094 272 LIB.
1134 231 1220 274 VI.

189 322 309 383 ‘regia
331 339 401 369 res
424 320 563 369 scelus
586 332 652 368 est
677 339 686 367 :
712 338 863 368 socero
888 338 993 387 cape
1016 339 1149 383 regna
1175 333 1326 370 necato
1346 342 1356 380 ;

1498 232 1584 287 435

1523 339 1588 386 595

235 402 294 446 Et
317 411 490 447 nostras
511 397 656 464 patrio
678 398 887 459 sanguine
912 398 1063 460 tingue
1085 418 1253 446 manus.

170 477 355 525 Talibus
375 475 609 526 instinctus
630 474 743 523 solio
768 475 964 540 privatus
992 475 1038 522 in
1063 474 1152 524 alto

238 555 415 602 Sederat
435 573 443 600 :
466 553 711 601 adtonitum
734 551 891 615 vulgus
908 552 964 599 ad
987 571 1105 600 arma
1125 553 1228 601 ruit.

173 633 288 680 llinc
311 650 468 689 cruor;
494 630 597 680 hinc
621 630 782 687 caedes;
808 629 1067 697 infirmaque
1090 631 1282 679 vincitur
1302 644 1433 682 aetas:

235 709 417 774 Sceptra
441 727 574 771 gener
597 727 750 756 socero
771 719 895 774 rapta
919 707 1137 773 superbus
1160 707 1307 757 habet.

1521 727 1590 761 600

171 788 270 852 Ipse
296 787 379 834 sub
404 784 640 852 Esquiliis,
667 786 746 833 ubi
773 798 864 834 erat
888 804 966 833 sua
988 785 1128 847 regia,
1154 805 1288 834 caesus

238 865 444 913 Concidit
467 866 513 913 in
537 865 647 912 dura
670 864 1035 926 sanguinolentus
1059 864 1209 912 humo.

170 941 305 999 Filia,
329 953 536 1007 carpento
558 940 726 1006 patrios
750 940 914 988 initura
934 952 1138 1006 penates,

236 1019 339 1066 Ibat
359 1037 437 1084 per
460 1016 623 1065 medias
649 1015 734 1064 alta
758 1016 966 1082 feroxque
988 1016 1091 1063 vias.

175 1098 348 1162 Corpus
373 1108 423 1144 ut
443 1095 662 1161 adspexit,
689 1094 892 1161 lacrymis
919 1095 1068 1157 auriga
1089 1093 1285 1160 profusis

239 1172 445 1229 Restitit;
464 1172 582 1219 hunc
608 1169 684 1218 tali
709 1170 893 1236 corripit
913 1169 988 1218 illa
1015 1189 1152 1218 sono:

173 1251 343 1299 Vadis?
367 1270 419 1298 an
445 1262 667 1316 exspectas
690 1250 881 1316 pretium
899 1249 1075 1315 pietatis
1099 1267 1293 1297 amarum
1313 1251 1332 1297 ?

240 1328 340 1374 Duc
356 1364 367 1383 ‚
392 1326 595 1392 inquam,
618 1325 776 1374 invitas
799 1326 894 1392 ipsa
911 1345 990 1392 per
1014 1345 1089 1373 ora
1113 1337 1245 1374 rotas.

177 1407 306 1455 Certa
330 1405 437 1454 fides
456 1405 559 1453 facti
578 1425 587 1453 :
610 1405 752 1452 dictus
775 1403 1020 1453 Sceleratus
1043 1404 1098 1452 ab
1123 1404 1197 1451 illa

172 1540 243 1574 cuit
260 1537 436 1573 Heinsius.
449 1538 572 1582 Neque
586 1544 703 1571 tamen
721 1535 849 1581 vulgat-

171 1594 320 1627 indictas
332 1590 478 1624 omnino
493 1589 684 1635 spreverim
695 1603 703 1630 ;
715 1589 773 1623 sed
785 1592 849 1622 eti-

167 1658 210 1689 ge
228 1656 290 1689 pro
299 1645 395 1686 exige
402 1642 456 1675 vix
467 1641 583 1676 locum
592 1639 849 1675 habet.—-Cum

172 1695 284 1730 verbis
297 1721 306 1738 ,
328 1696 439 1738 Regia
455 1706 508 1727 res
526 1695 637 1726 scelus
657 1697 721 1731 est,
746 1692 850 1726 Nea—

174 1747 259 1794 polis
275 1752 453 1792 comparat
470 1758 511 1779 ex
525 1744 659 1779 Seneca
672 1770 682 1787 ,
705 1743 849 1790 Thyest.

172 1813 259 1834 vers.
272 1812 333 1844 2¹7
347 1811 355 1832 t
371 1812 388 1827 κ
402 1796 571 1832 Sanctitas
583 1822 592 1838 ,
606 1795 713 1840 pietas
723 1821 732 1837 ,
743 1794 848 1839 fides,

178 1868 194 1882 »
211 1852 349 1886 Privata
361 1851 451 1885 bona
466 1857 548 1884 sunt
564 1863 651 1895 :qua
663 1850 776 1894 juvat,
792 1862 851 1883 re·-

178 1919 195 1935 »
213 1917 270 1949 ges
288 1909 378 1937 eant.
396 1917 414 1931 »

228 1957 301 2002 597.
319 1952 423 1998 Apud
441 1952 578 1986 Livium
591 1977 600 1994 ,
618 1952 635 1986 Ι
648 1977 657 1994 ,
676 1952 718 1995 48
730 1978 738 1991 ,
758 1951 851 1986 Ser-

176 2007 250 2041 vius
266 2005 459 2049 Tarquinio
475 2016 483 2037 :
501 2018 518 2033 «
539 2003 620 2047 Qua
637 2009 674 2036 tu
690 2002 850 2045 audacia,

179 2074 196 2089 »
214 2071 270 2092 me
295 2057 373 2091 vivo
385 2083 394 2101 ,
413 2069 513 2090 ausus
528 2068 563 2089 es
583 2054 619 2088 in
634 2054 715 2088 sede
737 2055 854 2089 consi-

179 2125 196 2139 »
216 2109 298 2144 dere
319 2108 424 2142 mea?
445 2122 462 2138 »
481 2126 525 2133 --
540 2106 683 2151 Neapol.
700 2118 771 2139 non
790 2105 855 2139 de-

177 2162 341 2203 finiebat,
355 2167 475 2194 utrum
486 2162 682 2197 instinctus,
699 2170 743 2191 an
761 2156 853 2191 alio-

178 2226 257 2247 rum
278 2218 460 2247 instructus
484 2210 597 2245 verius
613 2216 701 2244 esset
718 2222 726 2243 ε
743 2209 853 2242 immo

177 2270 358 2301 instructus
370 2265 435 2298 hoc
444 2263 507 2298 loc.
518 2263 621 2296 nimis
630 2261 832 2307 languidum
843 2274 853 2302 ;

180 2319 313 2353 Livius:
327 2332 343 2346 «
356 2315 581 2351 muliebribus
604 2314 784 2348 instinctus
799 2312 854 2346 su-

179 2372 247 2405 riis.
265 2371 556 2410 ›e—Adtonuuw
571 2368 686 2401 Livius
700 2379 708 2401 :
725 2381 742 2395 «
761 2365 853 2400 Con-

185 2439 201 2453 »
216 2436 333 2458 cursus
355 2420 473 2467 populi
500 2420 605 2455 fiebat
629 2420 664 2453 in
691 2419 822 2453 curiam
841 2445 851 2462 ,

184 2492 202 2507 ι»
218 2476 470 2521 apparebatque
497 2480 725 2519 regnaturum
747 2498 757 2515 ,
794 2472 853 2516 qui

185 2544 202 2558 ν
222 2528 363 2562 vicisset.
382 2542 399 2557 »
414 2545 458 2552 —
478 2527 549 2561 Pro
565 2528 615 2559 ad
630 2538 725 2558 arma
738 2524 853 2568 plures

182 2584 218 2615 in
232 2594 341 2618 arma,
367 2579 458 2624 quod
483 2578 662 2624 placuisset
680 2577 828 2611 Heinsio
842 2602 851 2619 ‚

181 2633 246 2666 nisi
261 2636 295 2665 in
314 2630 534 2676 praecederet.
543 2629 694 2675 —Regii
707 2636 775 2663 tres
786 2640 854 2662 no-

180 2685 240 2719 stri
255 2684 344 2718 bene
356 2710 366 2726 ,
380 2685 430 2717 ad
434 2697 589 2717 arma.—
602 2684 830 2716 Genersocero
841 2692 853 2714 ,⁰

184 2748 264 2772 cum
280 2736 314 2771 vi
329 2735 402 2771 haec
418 2735 463 2771 sic
487 2735 683 2782 junguntur
709 2734 814 2769 etiam
834 2745 853 2767 a

913 1536 1012 1570 Livio
1023 1562 1032 1579 ‚
1053 1537 1070 1571 I
1082 1562 1092 1580 ‚
1111 1538 1153 1582 49
1171 1549 1179 1571 t
1200 1550 1216 1565 «
1233 1535 1406 1571 Socerum
1418 1549 1528 1583 gener
1543 1550 1597 1572 se·

914 1587 1054 1633 pultura
1071 1588 1257 1632 prohibuit.
1277 1602 1295 1618 »

966 1641 1040 1674 601.
1062 1640 1265 1674 Secundum
1283 1640 1422 1674 Livium
1434 1667 1444 1683 ‚
1463 1640 1501 1683 I,
1521 1642 1563 1684 48
1579 1667 1589 1684 ,

916 1691 1032 1726 Tullia
1052 1704 1070 1726 a
1087 1692 1182 1726 curia
1208 1693 1246 1726 in
1268 1691 1392 1726 collem
1418 1693 1599 1738 Esquilia-

916 1744 1009 1778 rium
1018 1757 1053 1778 se
1069 1744 1237 1789 recipiens
1248 1771 1257 1787 ‚
1273 1745 1432 1790 pervenit
1443 1745 1485 1780 ad
1498 1759 1598 1780 sum-

916 1809 1015 1830 mum
1038 1795 1213 1843 Cyprium
1235 1796 1351 1830 vicum
1376 1809 1384 1831 :
1410 1797 1458 1830 ibi
1483 1811 1595 1842 quum

916 1850 1034 1895 auriga
1043 1855 1250 1894 carpentum
1260 1849 1379 1884 dextra
1391 1851 1427 1884 in
1440 1851 1597 1886 Urbium

916 1900 1043 1936 clivum
1058 1901 1216 1935 flecteret
1227 1927 1236 1944 ,
1248 1914 1369 1947 regem
1383 1902 1597 1937 trucidatum

915 1954 953 1988 in
965 1954 1020 1988 via
1035 1954 1211 1999 jacentem
1226 1954 1413 1989 vidie—In
1432 1957 1599 2000 Esquiliis·

918 2006 1081 2041 Servium
1095 2005 1263 2041 habitasse
1278 2032 1287 2049 ,
1307 2006 1413 2040 etiam
1432 2020 1472 2041 ex
1485 2007 1598 2042 solini

918 2059 1042 2105 Polyb.
1055 2059 1104 2102 11,
1121 2062 1355 2095 constan—Ti»
1368 2062 1442 2094 alla
1453 2073 1527 2095 non
1540 2074 1599 2095 re—

918 2109 1059 2144 tulerim
1086 2110 1130 2144 ad
1151 2118 1378 2156 carpentum,
1397 2124 1468 2156 quo
1481 2112 1597 2147 vehe—

919 2162 1021 2196 batur
1033 2188 1042 2205 ,
1055 2162 1113 2196 sed
1133 2161 1174 2196 ad
1189 2163 1387 2207 superbiam
1405 2164 1513 2198 animi
1527 2165 1596 2206 ;VI

918 2213 1066 2248 Metam.
1087 2214 1148 2261 169
1162 2240 1171 2258 ,
1189 2215 1303 2249 Niobe
1329 2215 1474 2261 pedibus
1497 2217 1597 2251 ince-

919 2264 1006 2300 dens
1016 2291 1026 2308 ‚
1051 2271 1090 2299 ut
1101 2267 1217 2300 oculos
1230 2269 1434 2302 c1'rcumtul1't
1447 2270 1523 2302 alta
1536 2281 1598 2302 su-

913 2320 1044 2362 perbos.

963 2370 1040 2404 605.
1062 2369 1192 2414 Auriga
1206 2369 1263 2405 hic
1277 2372 1445 2416 lacrymas
1458 2371 1598 2414 prosun-

918 2422 988 2463 d1‘t;
1004 2434 1022 2454 a
1039 2421 1112 2455 Liv.
1124 2420 1247 2455 melius
1256 2424 1403 2465 pavidus
1412 2422 1600 2457 inducitur.

919 2491 962 2497 —
984 2474 1145 2507 Amorum
1160 2500 1168 2513 ‚
1197 2486 1320 2518 grave:
1341 2473 1432 2518 apud
1451 2473 1597 2521 Dionys.

920 2522 1035 2558 Tullia
1043 2524 1170 2569 aurigae
1178 2531 1379 2569 correptum
1390 2524 1520 2570 pedum
1530 2539 1599 2561 sca-

918 2575 1049 2610 bellum
1060 2575 1195 2621 infligit.
1210 2575 1295 2611 Laeti
1305 2576 1381 2610 cod.
1392 2576 1597 2612 habetama-

918 2642 981 2667 ηε,
1001 2641 1078 2673 quae
1093 2628 1177 2662 mihi
1197 2641 1313 2663 amara
1331 2655 1340 2672 ,
1358 2628 1504 2664 molesta
1520 2637 1571 2664 est
1587 2643 1596 2664 ε

919 2680 1062 2725 quidam
1073 2684 1230 2724 im'quum.
1242 2699 1286 2706 —
1298 2682 1398 2715 Fides
1412 2689 1525 2726 potest
1541 2695 1599 2716 ar-

920 2745 1047 2778 gumen
1055 2739 1127 2766 tum
1142 2731 1285 2777 intelligi
1298 2759 1307 2777 ,
1326 2745 1396 2778 quo
1408 2733 1597 2768 confirma-
