1826 3054
481 207 880 254 FASTORUM
919 207 1050 251 LIB.
1095 208 1153 252 V.

1450 206 1536 267 367

189 307 273 354 Seu
298 304 398 371 quis
420 303 478 352 ab
503 302 690 351 occiduo
713 299 804 350 sole
828 299 1076 349 domandus
1100 286 1195 349 erit.

124 382 347 450 Prospicit
367 380 654 447 Armipotens
681 379 830 446 operis
851 379 1027 442 fastigia
1047 379 1233 442 summi;

185 461 244 507 Et
266 458 426 525 probat
443 457 630 505 invictos
654 474 823 504 summa
849 467 997 505 tenere
1020 455 1144 517 deos.

1478 467 1544 502 560

125 535 345 601 Prospicit
366 535 412 582 in
434 533 607 581 foribus
629 532 808 581 diversae
833 531 919 581 tela
939 531 1090 596 figurae
1105 569 1117 589 ‚

187 614 408 677 Armaque
428 622 645 659 terrarum
668 609 807 658 milite
829 610 944 658 victa
967 628 1065 658 suo.

126 690 242 736 Hinc
263 688 382 736 videt
406 688 591 736 AEneam
616 699 845 736 oneratum
868 686 1066 753 pondere
1089 703 1212 734 sacro
1226 722 1239 743 ‚

189 769 249 815 Et
270 779 338 815 tot
356 766 485 815 luleae
506 765 754 814 nobilitatis
774 784 894 814 avos.

125 847 242 894 Hinc
266 845 384 894 videt
409 844 576 894 Iliaden
600 844 797 893 humeris
819 844 942 892 ducis
965 862 1084 892 arma
1103 843 1312 891 ferentem
1328 879 1340 899 ‚
1487 856 1551 890 56·

191 924 404 991 Claraque
430 924 662 992 dispositis
682 935 776 972 acta
798 923 981 972 subesse
1002 922 1121 970 viris.

127 1062 220 1096 broc..
226 1065 376 1106 impetus.
377 1062 576 1105 —Faestiffl'a
581 1074 710 1095 summa
717 1068 803 1095 tem-

129 1114 266 1159 plorum
290 1113 408 1147 ornari
433 1112 591 1147 solebant
614 1112 804 1147 simulacris

130 1165 298 1205 deorum3
317 1165 353 1199 ll
375 1164 523 1199 Bletam.
543 1164 588 1198 3:
606 1178 624 1194 α
641 1164 729 1198 ebur
748 1163 808 1198 ni-

134 1216 283 1250 »fidum
299 1215 431 1261 fastigia
447 1228 585 1250 summa
604 1215 769 1258 tenebat,
788 1227 809 1244 ι

132 1231 190 1302 iibi
217 1266 295 1302 vide
321 1274 452 1301 notam.
470 1285 514 1293 —
531 1266 807 1311 Ino1ztos,quia

133 1319 266 1353 Roma
258 1318 394 1352 invicta.
408 1318 585 1362 Interpres
598 1316 737 1363 gallicus
747 1328 807 1361 pu-

132 1376 180 1403 tat
202 1369 350 1412 Jovem,
378 1368 597 1411 Herculem,
621 1368 806 1412 ipsumque

132 1421 288 1455 Martem
305 1420 461 1465 intelligi.
472 1394 640 1464 —Vulgo
657 1419 710 1453 bis
719 1431 807 1463 pet-

130 1478 253 1518 splot,-
270 1473 331 1509 sed
346 1473 468 1508 Heius.
475 1475 642 1516 prospicit
652 1485 672 1507 e
683 1472 809 1506 melio-

130 1527 225 1561 ribus
241 1525 339 1561 MSS
357 1525 498 1571 recepit.
522 1526 718 1568 Peospscere
731 1531 784 1560 est
796 1550 806 1568 ,

130 1591 150 1612 e
170 1578 361 1623 longinquo
386 1584 540 1622 spectare
560 1590 570 1618 ;
591 1579 777 1620 perspicere
792 1602 801 1615 ‚

129 1630 264 1676 singula
276 1629 463 1674 diiigenter
473 1627 809 1674 contempla-hvide

132 1682 175 1716 ad
186 1695 326 1716 versum
336 1682 412 1728 393.
423 1680 532 1715 Vides
544 1680 662 1726 igitur,
675 1686 810 1714 utrum-

133 1746 200 1778 que
210 1746 304 1768 nunc
314 1733 441 1767 habere
453 1731 580 1766 locum.
582 1732 715 1764 —Tela
722 1730 811 1765 Nea-

134 1785 220 1829 polis
246 1784 407 1830 intelligit
433 1784 581 1829 insignia
606 1781 811 1827 triumpho-

134 1847 233 1877 rum,
250 1835 294 1869 de
309 1835 451 1882 quibus
445 1834 637 1870 Suetonius
652 1833 746 1868 dicto
758 1832 813 1866 lo-

136 1899 196 1927 co;
218 1899 341 1921 verum
365 1886 439 1922 hac
460 1899 534 1921 non
562 1892 754 1932 potuerunt
776 1889 813 1919 in

129 1938 266 1982 foribus
293 1951 377 1973 esse.
401 1938 559 1983 lntellige
587 1941 655 1972 tela
681 1937 813 1972 foribus

138 1991 192 2025 vel
207 1991 378 2035 insculpta
388 2016 398 2033 ,
415 1990 470 2024 vel
483 1990 720 2035 praefixa—In
734 2003 814 2024 ver-

138 2043 190 2077 bis
206 2055 302 2077 ama
318 2046 408 2076 victa
426 2054 500 2076 nou
517 2041 665 2076 debebat
682 2041 815 2075 harere

139 2095 388 2134 Burmannus;
406 2100 490 2128 sunt
507 2094 628 2138 utique
646 2105 743 2126 arina
763 2093 829 2125 vi-*

139 2154 274 2181 ctarum
296 2154 481 2182 terrarum.
506 2148 550 2182 ln
567 2147 727 2180 Puteano
742 2152 818 2180 erat

132 2199 245 2242 facta,
260 2199 355 2233 unde
365 2198 527 2234 Heinsius
525 2198 645 2242 fracta
653 2198 797 2233 faciebat
804 2223 815 2240 ,

139 2264 214 2286 non
235 2252 456 2297 improbante
478 2252 689 2286 Burmanno
703 2276 713 2293 ,
737 2251 819 2295 quia

142 2318 240 2339 arma
251 2306 299 2340 sic
315 2305 447 2350 prcfigi
461 2305 562 2339 solita
575 2304 644 2339 sint
658 2319 667 2345 ;
686 2316 819 2348 quam-

144 2370 250 2401 quam
278 2357 350 2403 ipse
384 2358 489 2391 etiam
508 2359 590 2403 fita
618 2356 686 2401 legi
721 2368 818 2401 posse

145 2408 296 2452 putabat.
311 2427 355 2434 —
374 2409 417 2444 In
429 2416 550 2444 nostro
563 2409 674 2453 Regio
689 2407 719 2442 C
741 2409 820 2454 legi-

146 2467 203 2493 tur
203 2461 308 2503 sacta
315 2461 408 2495 male
422 2475 431 2502 ;
448 2462 487 2495 in
497 2460 634 2495 duobus
644 2461 717 2494 aliis
727 2464 821 2494 vce-ta

145 2520 283 2555 autem,
302 2513 397 2558 quod
412 2526 535 2548 verum
555 2513 682 2558 judico.
700 2515 767 2547 Ed.

190 2564 264 2598 563.
277 2563 323 2598 Et
332 2565 451 2600 statuis
462 2573 497 2600 et
509 2565 631 2600 tabulis
642 2565 740 2609 pictis
751 2564 822 2598 Au·

147 2622 265 2659 gustus
278 2616 411 2651 Forum
425 2630 529 2652 suum
543 2616 724 2656 instruxit;
738 2616 823 2650 Sue-

148 2669 265 2703 tonius
281 2670 427 2715 August.
442 2670 482 2704 31
507 2684 516 2705 :
539 2685 558 2700 κ
581 2670 786 2705 Proximum
803 2681 823 2702 a

149 2732 168 2749 ν
188 2719 252 2755 diis
278 2720 529 2757 immortalibus
549 2721 726 2761 honorem
743 2733 824 2756 me-

870 1073 888 1089 »
905 1058 1027 1093 moriae
1043 1057 1173 1092 ducum
1191 1055 1359 1102 praestitit.
1376 1056 1499 1101 Itaque
1515 1063 1552 1091 et

871 1123 890 1140 »
909 1121 1015 1155 opera
1038 1109 1228 1153 cujusque,
1248 1106 1473 1142 manentibus
1497 1106 1551 1142 ti-

873 1176 891 1191 »
911 1161 1009 1203 tulis,
1024 1160 1197 1195 restituit:
1208 1166 1243 1193 et
1254 1166 1383 1194 statuas
1393 1158 1556 1193 omnium

874 1227 892 1242 ›-
912 1211 1115 1257 triumphali
1131 1211 1268 1256 effigie'
1260 1223 1296 1244 ιιι
1311 1218 1459 1255 utraque
1469 1210 1556 1244 Fori

874 1279 892 1294 ›=
912 1264 965 1299 sui
981 1264 1118 1309 porticu
1137 1262 1320 1298 dedicavit.
1339 1277 1358 1293 ι»
1382 1263 1435 1297 Ac
1450 1265 1560 1296 litum

872 1315 1016 1361 quidem
1047 1315 1165 1349 sorum
1199 1315 1275 1358 ejus
1306 1314 1522 1359 praenituisse
1546 1340 1556 1355 ,

870 1368 980 1402 etiam
991 1366 1166 1409 Velleius,
1179 1365 1217 1400 11
1230 1391 1240 1408 ,
1254 1365 1298 1412 39
1310 1391 1320 1408 ,
1339 1371 1470 1399 narrat.
1483 1365 1555 1400 Pli-

871 1419 950 1453 nius
965 1444 975 1462 ,
994 1417 1151 1460 XXXV,
1177 1429 1218 1451 10
1230 1443 1240 1460 ,
1260 1417 1322 1451 ubi
1342 1416 1475 1463 Apellis
1496 1424 1557 1451 ta-

871 1470 970 1506 bulas
990 1469 1158 1516 quasdam
1178 1469 1377 1504 nominavit
1389 1495 1400 1512 ,
1421 1469 1553 1514 pergit:

873 1536 893 1553 «
910 1521 1012 1567 Quas
1027 1528 1192 1566 utrasque
1214 1520 1346 1555 tabulas
1362 1519 1462 1554 divus
1479 1520 1559 1553 Au·—

874 1590 894 1606 »
913 1575 1073 1621 gustusin
1085 1574 1168 1610 Fori
1178 1574 1231 1608 sui
1242 1574 1398 1619 partibus
1406 1573 1558 1608 celeber·

875 1640 894 1657 ³·
910 1627 1008 1661 rimis
1019 1625 1194 1661 dicaverat
1206 1625 1426 1670 simplicitate
1438 1623 1560 1658 mode-

877 1694 895 1709 »
912 1686 997 1714 rata.
1008 1693 1026 1708 ‘v
1045 1679 1088 1714 In
1106 1678 1178 1713 istis
1193 1677 1387 1712 simulacris
1402 1689 1475 1711 non
1489 1677 1562 1710 mi-

874 1743 957 1765 rum
977 1737 1029 1765 est
1050 1729 1152 1765 fuisse
1177 1730 1284 1764 etiam
1306 1731 1408 1763 Julee
1437 1731 1563 1763 nobili-

876 1786 960 1816 tatis
973 1794 1078 1821 aeos,
1097 1781 1141 1816 de
1159 1780 1285 1825 quibus
1298 1780 1366 1824 lv,
1384 1793 1427 1828 ²9
1441 1793 1562 1825 sqq.-
1625 1784 1630 1785 ⁷

875 1836 1017 1868 AEueam
1033 1846 1134 1867 sacra
1150 1840 1203 1873 et,
1225 1845 1327 1867 sacra
1347 1835 1477 1873 altera,
1495 1845 1565 1876 pa-

875 1893 958 1920 trem
968 1884 1283 1928 bumen‘sserentem
1295 1884 1419 1930 saepius
1434 1885 1564 1920 Noster

877 1944 1053 1972 memorat
1068 1951 1077 1978 ;
1104 1938 1122 1973 I
1138 1963 1148 1980 ,
1171 1940 1254 1981 527;
1279 1937 1333 1972 lv
1346 1963 1356 1980 ,
1382 1937 1446 1981 37;
1468 1937 1563 1972 XIII

877 1990 1028 2024 Metaun
1036 1990 1113 2024 625.
1124 1990 1195 2024 Pro
1207 2001 1250 2023 eo
1263 2000 1359 2023 nunc
1370 2014 1381 2032 ,
1392 1995 1565 2023 oneratum

873 2036 1021 2087 pondere
1029 2054 1129 2077 sacro
1138 2068 1147 2081 ,
1168 2041 1203 2075 id
1216 2047 1287 2083 est,
1303 2048 1340 2075 et
1351 2048 1449 2086 patre
1460 2047 1496 2075 et
1506 2053 1563 2086 pe—

878 2094 1030 2128 natibus.
1047 2094 1147 2128 Bene
1161 2093 1269 2139 igitur
1280 2092 1405 2128 Heius.
1417 2106 1437 2127 e
1448 2094 1564 2137 primo

882 2147 1046 2182 mediceo
1056 2154 1093 2182 et
1107 2147 1281 2182 Thuaneo
1294 2160 1394 2181 sacro
1409 2147 1541 2191 reoepit
1552 2174 1562 2190 ‚

881 2212 992 2245 quum
1008 2200 1123 2234 ceteri
1139 2213 1218 2234 cam
1234 2198 1564 2244 preferant—Ilia-

879 2253 942 2284 des
951 2277 960 2290 ‚
983 2250 1157 2284 Romulus
1166 2250 1239 2285 lliae
1251 2250 1343 2285 filius
1354 2276 1364 2293 ,
1379 2253 1496 2291 ducis,
1509 2263 1563 2284 re·

883 2303 935 2349 gis
946 2328 957 2345 ‚
978 2301 1197 2336 Caenineus‘ss
1209 2328 1219 2345 ,
1243 2315 1264 2336 a
1284 2315 1321 2337 se
1337 2302 1536 2336 obtruncati
1551 2327 1563 2344 ,

882 2368 980 2389 ama
991 2381 1000 2393 ‚
1028 2353 1138 2399 spolia
1153 2379 1164 2396 ,
1192 2354 1322 2388 retulit.
1342 2353 1467 2388 Redux
1482 2352 1566 2387 Jovi

889 2406 1049 2441 Feretrio
1058 2405 1230 2450 templum
1239 2406 1347 2447 vovit,
1358 2404 1478 2439 sedem
1490 2416 1566 2450 spo-

884 2458 938 2493 liis
953 2457 1096 2502 opimis;
1116 2456 1233 2491 livius
1244 2483 1255 2500 ,
1271 2457 1287 2491 l
1300 2483 1311 2500 ,
1333 2470 1438 2491 ιο.-
1449 2458 1566 2491 Clara·

883 2524 947 2556 qne
962 2517 1026 2544 etc.
1047 2509 1179 2544 Statue
1197 2509 1356 2543 virorum
1379 2508 1566 2544 illustrium

886 2563 1012 2597 ordine
1024 2560 1178 2605 quodam
1188 2560 1361 2596 collocata
1373 2561 1411 2595 in
1425 2561 1497 2596 basi
1508 2560 1566 2594 lia-

885 2617 1017 2651 bebant
1033 2614 1150 2649 titulos
1163 2640 1175 2657 ‚
1190 2615 1261 2649 sive
1272 2614 1428 2650 indicem
1442 2627 1564 2649 rerum

887 2667 1050 2713 praelate
1067 2665 1110 2700 ab
1124 2664 1165 2700 iis
1180 2672 1375 2711 gestarumz
1389 2665 1469 2700 vide
1488 2677 1566 2710 quae

887 2718 997 2754 modo
1011 2718 1056 2754 ad
1071 2730 1212 2755 versum
1230 2718 1295 2753 ⁵63
1310 2718 1481 2754 dedimus.
