1826 3054
515 222 898 267 FASTORUM
938 223 1055 266 LIB
1113 224 1151 267 Ι.
1493 226 1542 268 31

132 316 211 365 Ille
235 329 388 365 tenens
411 316 565 364 dextra
583 315 791 366 baculum
806 355 818 374 ‚
844 316 1094 383 clavemque
1118 316 1319 375 sinistra,

197 393 352 441 Edidit
372 393 457 441 hos
480 392 614 441 nobis
639 412 713 442 ore
735 394 882 460 priore
906 413 1066 444 sonos:

1494 418 1555 443 100

136 472 266 520 Disce
280 508 292 528 ‚
317 482 437 519 metu
460 471 633 537 posito,
656 483 778 520 vates
800 490 987 538 operose
1011 471 1205 529 dierum,

202 548 340 613 Quod
364 549 506 615 petis,
532 561 574 597 et
597 568 724 598 voces
747 549 925 616 percipe
947 560 1093 598 mente
1115 567 1246 597 meas.

138 628 214 674 Me
239 626 387 674 Chaos
411 626 606 693 antiqui,
632 645 733 676 nam
758 646 829 676 res
850 646 947 675 sum
969 627 1114 693 prisca
1130 664 1141 684 ‚
1167 625 1395 675 vocabant.

202 703 396 770 Adspice
414 742 426 761 ,
453 723 583 770 quam
603 703 729 768 longi
753 704 967 771 temporis
990 715 1085 752 acta
1106 723 1271 752 canam.

138 781 333 829 Lucidus
354 781 427 829 hic
450 800 548 838 aer,
572 793 640 838 et,
668 801 766 848 quae
789 782 873 829 tria
897 799 1085 848 corpora
1106 793 1297 839 restant,

205 857 351 919 Ignis,
376 876 499 923 aquae
514 894 526 914 ,
553 856 683 905 tellus
699 893 711 914 ,
736 877 854 906 unus
878 877 1057 907 acervus
1079 871 1215 907 erant.

141 936 203 982 Ut
225 933 357 982 semel
381 934 472 982 haec
495 953 643 982 rerum
666 934 846 983 secessit
869 934 945 983 lite
968 954 1145 984 suarum
1163 974 1175 995 ,

205 1012 345 1077 Inque
371 1030 509 1059 novas
533 1011 644 1060 abiit
661 1030 805 1060 massa
828 1011 972 1060 soluta
993 1012 1176 1070 domos;

140 1088 334 1138 Flamma
356 1092 470 1155 petit
490 1088 653 1147 altum;
678 1090 868 1156 propior
887 1089 1013 1138 locus
1036 1109 1134 1139 aera
1157 1092 1272 1157 cepit
1291 1112 1298 1138 :

210 1166 430 1214 sederunt
454 1165 600 1213 medio
622 1177 735 1214 terra
754 1165 1003 1233 fretumque
1027 1167 1137 1216 solo.
1513 1195 1571 1217 ιιι)

145 1246 272 1292 Tunc
294 1263 402 1306 ego,
428 1242 505 1309 qui
527 1242 694 1291 fueram
719 1242 907 1306 globus,
931 1256 976 1292 et
998 1244 1093 1293 sine
1114 1246 1304 1307 imagine
1323 1245 1465 1294 moles
1479 1283 1490 1303 ‚

211 1323 264 1370 ln
284 1321 438 1369 faciem
462 1319 571 1368 redi-i
587 1358 599 1378 ,
623 1320 844 1387 dignaque
868 1321 1065 1369 membra
1086 1321 1186 1370 deo,

147 1402 277 1464 Nunc
302 1418 480 1465 quoque
496 1435 509 1455 ‚
535 1397 726 1446 confiisae
747 1397 973 1464 quondam
999 1410 1108 1447 nota
1127 1418 1261 1465 parva
1282 1398 1434 1462 figurae
1449 1438 1460 1456 ,

211 1477 328 1525 Ante
353 1475 473 1543 quod
492 1486 562 1523 est
581 1475 628 1522 in
651 1493 719 1523 me
735 1513 746 1533 ,
769 1487 960 1543 postque
980 1476 1158 1525 videtur
1176 1476 1307 1525 idem.

144 1594 227 1628 lisve
249 1599 437 1638 caperetur
449 1617 458 1634 ,
482 1597 542 1625 aut
570 1590 682 1625 subita
709 1597 825 1625 morte

146 1644 345 1680 concideret
358 1670 367 1687 ‚
389 1642 515 1678 iisdem
530 1642 604 1676 sere
627 1642 739 1676 verbis
759 1654 827 1676 ex·—

147 1697 268 1743 pressit
281 1724 291 1740 ‚
319 1696 443 1741 quibus
460 1695 558 1740 Virg.
576 1693 659 1728 AEn.
676 1694 732 1729 111
746 1693 827 1736 ,’48.

188 1762 243 1797 99.
260 1747 418 1783 Maeroh.
431 1748 448 1782 l
461 1773 470 1789 ,
486 1759 530 1794 9,
547 1745 688 1779 Janus«
702 1751 828 1779 etcum

148 1817 165 1830 ⁵»
182 1802 275 1836 clave
286 1813 324 1835 ac
338 1801 434 1845 virga
447 1798 631 1852 figuratur,
641 1797 739 1842 quasi
749 1809 829 1830 om—

150 1868 166 1881 »
182 1853 282 1886 nium
308 1858 490 1897 portarum
515 1856 632 1884 custos
654 1854 689 1882 et
714 1855 830 1882 rector

151 1919 167 1934 ω
184 1905 332 1939 viarum.
345 1904 622 1946 ιο-Ονερήονε,
638 1913 699 1935 ore
716 1900 757 1934 ad
770 1913 828 1935 me

148 1969 379 1991 converso.—
395 1958 496 1990 Vates
506 1965 665 1999 operosus
679 1955 804 1987 dferam
814 1980 823 1993 ,

151 2016 252 2055 poeta
267 2008 358 2043 serio
368 2016 553 2052 occupatus
565 2004 688 2041 diebus
699 2005 832 2040 descri-

151 2062 285 2097 bendis.
303 2063 356 2097 lta
371 2068 407 2095 et
424 2061 479 2095 m
493 2086 502 2103 ,
525 2072 582 2104 ¹77
596 2086 608 2101 ‚
632 2060 730 2094 Mars
745 2072 832 2104 poe-

154 2124 224 2150 tam
245 2121 408 2149 vocat.-·—
426 2114 540 2147 Voces.
558 2111 628 2146 MS
642 2112 831 2146 Hambur-

152 2166 265 2212 gensis
284 2170 374 2199 vires
392 2191 400 2200 .
434 2163 526 2209 quod
558 2175 631 2197 non
659 2163 831 2198 damnant

155 2217 320 2252 Heinsius
336 2223 372 2250 et
390 2216 627 2250 Burmannus.
640 2214 732 2249 Sane
744 2228 834 2249 vers.

157 2270 218 2304 133
230 2296 240 2313 ,
256 2273 311 2304 vis
329 2281 403 2302 mea
425 2275 564 2302 narrata
586 2273 646 2301 est.
661 2285 704 2292 -—
721 2267 833 2301 Jamis

152 2322 362 2367 principium
378 2321 571 2355 habebatur
587 2320 750 2354 omnium
766 2333 833 2354 re·-

153 2387 255 2416 rum3
280 2373 364 2408 inde
385 2373 497 2407 dictus
518 2379 570 2407 est
591 2374 706 2407 cbaos.
731 2372 833 2417 Quin

153 2433 253 2461 erant
266 2453 276 2471 ‚
291 2426 352 2471 qui
367 2426 482 2471 ipsum
496 2425 572 2469 eius
581 2437 717 2470 nomen
730 2437 748 2458 a
758 2437 833 2458 voc.

154 2479 257 2512 cbaos
268 2476 487 2512 deducerent
501 2502 511 2519 ,
531 2476 688 2511 detracta
711 2476 834 2521 adspi-

157 2530 301 2564 ratione.
323 2528 407 2563 Vid.
424 2529 548 2564 Festus
561 2529 598 2563 in
617 2529 650 2563 h.
667 2542 700 2562 v.
717 2527 835 2563 Chaos

158 2581 301 2625 ejusque
315 2578 565 2613 sufflationem
581 2578 638 2613 hic
653 2579 834 2623 describit,

157 2640 198 2667 ut
207 2632 254 2675 V,
269 2645 303 2666 n
317 2645 399 2677 ηιμ
417 2632 592 2666 ΙΜειοω.
605 2632 683 2666 init.
699 2631 836 2666 Confer

160 2693 195 2719 et
206 2697 266 2727 ea,-
287 2697 367 2729 ηοω
381 2697 423 2719 ex
437 2685 492 2719 Μ.
507 2684 667 2719 Messalae
686 2684 774 2719 libro
791 2684 834 2719 de

160 2737 252 2770 Jano
264 2736 463 2772 Macrobius
473 2736 538 2771 d.1.
547 2736 835 2772 adfert—Erant.

892 1590 1042 1626 Lenzius
1058 1598 1145 1633 emt,
1162 1598 1201 1626 ut
1212 1591 1368 1638 doctius,
1381 1593 1576 1639 praesert.—

893 1645 970 1678 Lite
981 1656 1086 1679 rerum
1102 1657 1254 1685 suarum,
1273 1658 1388 1691 pugna
1398 1673 1408 1691 ‚
1421 1646 1490 1681 scil.
1501 1646 1574 1682 ser—

892 1697 1112 1733 mentatione
1140 1697 1399 1733 elementorum
1427 1707 1576 1734 contra—

891 1749 1029 1784 riorum
1041 1777 1050 1793 ,
1064 1763 1170 1796 quam
1185 1749 1335 1786 Metam.
1345 1750 1379 1785 d.
1390 1751 1410 1786 l.
1421 1751 1577 1798 descrip—

894 1803 1147 1837 sit—Hammo
1157 1830 1165 1842 ,
1189 1802 1298 1837 aether
1309 1830 1319 1847 ‚
1337 1803 1436 1849 cujus
1451 1811 1576 1839 natura

892 1854 1006 1899 ignea.
1014 1854 1213 1893 -Sedemnt,
1226 1853 1472 1900 subsederunt,
1482 1856 1576 1902 quod

895 1905 945 1948 V,
962 1906 1000 1939 13
1013 1932 1023 1948 ‚
1037 1905 1174 1951 legitur.
1185 1906 1302 1941 Tibul.
1315 1907 1382 1951 IV,
1395 1919 1428 1953 1,
1444 1922 1501 1956 ¹9·
1513 1921 1578 1954 pro

895 1969 938 1992 eo
950 1983 960 2000 ,
977 1959 1268 1994 defluere—Solo
1283 1973 1348 2005 pro
1363 1955 1580 1995 loca'Hein-

895 2008 965 2043 sius
981 2022 1022 2042 ex
1035 2009 1195 2055 plurimis
1209 2018 1244 2045 et
1260 2011 1464 2054 melioribus
1480 2011 1578 2047 MSS

895 2059 1026 2105 recepit
1036 2086 1046 2103 ,
1069 2061 1149 2105 quia
1170 2061 1284 2096 solum
1306 2055 1579 2110 uniuscujusque

896 2110 950 2145 rei
956 2109 1231 2146 fundamentum
1241 2140 1251 2156 ,
1259 2120 1297 2148 et
1308 2115 1389 2159 quia
1401 2110 1418 2148 Ῑ
1430 2113 1578 2151 Metam.

899 2162 939 2207 73
948 2188 958 2206 ,
971 2176 988 2191 κ
1000 2169 1089 2196 astra
1102 2170 1227 2210 tenent
1239 2164 1373 2199 caeleste
1382 2165 1507 2200 solum.
1517 2181 1580 2195 »—

897 2216 1144 2259 Shoelmagine,
1162 2215 1322 2251 informis
1331 2243 1342 2261 ,
1354 2224 1394 2251 ut
1404 2217 1421 2252 I
1432 2217 1581 2251 Metam.

899 2269 955 2311 87,
971 2270 1045 2301 sine
1058 2271 1203 2312 imagine
1218 2271 1329 2303 tellus.
1343 2288 1388 2294 —
1402 2271 1443 2304 la
1449 2269 1581 2313 sociem

897 2320 1000 2359 redii,
1020 2318 1175 2353 sormam
1191 2319 1390 2356 distinctam
1407 2320 1583 2366 accepi—,-

899 2370 972 2404 Pro
975 2383 1086 2414 parva
1096 2372 1196 2406 Voss.
1202 2376 1315 2416 prima
1328 2401 1336 2414 ‚
1356 2386 1430 2407 non
1448 2373 1583 2417 impro-

899 2422 1003 2457 bante
1016 2423 1172 2458 Heinsio.
1184 2423 1255 2459 Sed
1265 2425 1492 2459 Burmannus
1502 2438 1582 2459 con-

900 2474 973 2519 jicit
981 2477 1080 2517 priva
1091 2501 1098 2514 ,
1121 2476 1271 2520 propria.
1289 2474 1351 2511 Illa
1368 2483 1484 2511 autem
1501 2484 1583 2512 nota

900 2534 951 2561 est
962 2527 1034 2572 ipsa
1041 2526 1156 2561 forma
1168 2527 1284 2574 biceps
1293 2555 1303 2572 ,
1321 2530 1419 2575 cujus
1428 2530 1475 2564 sic
1486 2529 1583 2575 prior

901 2590 1001 2612 causa
1018 2577 1118 2612 allata
1136 2585 1197 2613 est.
1213 2597 1257 2604 —
1272 2579 1314 2614 In
1334 2579 1444 2616 tribus
1455 2584 1584 2620 nostris

901 2631 1018 2676 Regiis
1029 2637 1080 2665 est
1083 2643 1200 2674 parva.
1210 2631 1581 2679 Ed.-An!equodetc.

901 2689 991 2729 pars'
1005 2683 1124 2730 capitis
1159 2685 1314 2719 anterior
1339 2693 1374 2720 et
1399 2687 1583 2732 posterior.

902 2736 1052 2772 Lenzius
1059 2737 1233 2782 preterita
1244 2743 1278 2773 et
1287 2738 1404 2773 sutura
1411 2739 1583 2786 intelligit.
