<?xml version="1.0" encoding="UTF-8"?>
<!DOCTYPE html PUBLIC "-//W3C//DTD XHTML 1.0 Transitional//EN"
    "http://www.w3.org/TR/xhtml1/DTD/xhtml1-transitional.dtd">
<html xmlns="http://www.w3.org/1999/xhtml" xml:lang="en" lang="en">
 <head>
  <title>
</title>
<meta http-equiv="Content-Type" content="text/html;charset=utf-8" />
  <meta name='ocr-system' content='tesseract 3.04.00' />
  <meta name='ocr-capabilities' content='ocr_page ocr_carea ocr_par ocr_line ocrx_word'/>
</head>
<body>
  <div class='ocr_page' id='page_1' title='image "./quaeextantomniao06oviduoft_0504.png"; bbox 0 0 1826 3054; ppageno 0'>
   <div class='ocr_carea' id='block_1_1' title="bbox 255 276 1157 339">
    <p class='ocr_par' dir='ltr' id='par_1_1' title="bbox 255 276 1157 339">
     <span class='ocr_line' id='line_1_1' title="bbox 255 276 1157 339; baseline -0.002 -16"><span class='ocrx_word' id='word_1_1' title='bbox 255 278 343 339; x_wconf 77' lang='lat'>490</span> <span class='ocrx_word' id='word_1_2' title='bbox 776 276 1157 321; x_wconf 70' lang='lat' dir='ltr'>Excunsns</span> 
     </span>
    </p>
   </div>
   <div class='ocr_carea' id='block_1_2' title="bbox 250 369 1676 662">
    <p class='ocr_par' dir='ltr' id='par_1_2' title="bbox 250 369 1676 662">
     <span class='ocr_line' id='line_1_2' title="bbox 251 369 1676 439; baseline 0.001 -21"><span class='ocrx_word' id='word_1_3' title='bbox 251 371 388 420; x_wconf 86' lang='lat' dir='ltr'>verbo</span> <span class='ocrx_word' id='word_1_4' title='bbox 414 369 591 439; x_wconf 89' lang='lat' dir='ltr'>quidem</span> <span class='ocrx_word' id='word_1_5' title='bbox 614 369 858 428; x_wconf 84' lang='lat' dir='ltr'>indicatur,</span> <span class='ocrx_word' id='word_1_6' title='bbox 882 381 927 419; x_wconf 90' lang='lat' dir='ltr'>et</span> <span class='ocrx_word' id='word_1_7' title='bbox 948 369 1026 418; x_wconf 89' lang='lat' dir='ltr'>ubi</span> <span class='ocrx_word' id='word_1_8' title='bbox 1052 369 1182 418; x_wconf 88' lang='lat' dir='ltr'>iidem</span> <span class='ocrx_word' id='word_1_9' title='bbox 1205 387 1383 419; x_wconf 86' lang='lat' dir='ltr'>occasus</span> <span class='ocrx_word' id='word_1_10' title='bbox 1406 370 1588 435; x_wconf 78' lang='lat' dir='ltr'>junctim</span> <span class='ocrx_word' id='word_1_11' title='bbox 1607 391 1676 419; x_wconf 38' lang='lat' dir='ltr'>rc*</span> 
     </span>
     <span class='ocr_line' id='line_1_3' title="bbox 250 446 1672 514; baseline -0.001 -18"><span class='ocrx_word' id='word_1_12' title='bbox 250 460 433 498; x_wconf 85' lang='lat' dir='ltr'>currunt</span> <span class='ocrx_word' id='word_1_13' title='bbox 454 447 661 514; x_wconf 87' lang='lat' dir='ltr'>(causam</span> <span class='ocrx_word' id='word_1_14' title='bbox 681 466 812 514; x_wconf 89' lang='lat' dir='ltr'>supra</span> <span class='ocrx_word' id='word_1_15' title='bbox 833 447 1026 511; x_wconf 75' lang='lat' dir='ltr'>tentavi)</span> <span class='ocrx_word' id='word_1_16' title='bbox 1052 448 1119 504; x_wconf 88' lang='lat'>11,</span> <span class='ocrx_word' id='word_1_17' title='bbox 1146 446 1228 513; x_wconf 89' lang='lat'>57,</span> <span class='ocrx_word' id='word_1_18' title='bbox 1254 446 1386 495; x_wconf 75' lang='lat' dir='ltr'>verba</span> <span class='ocrx_word' id='word_1_19' title='bbox 1411 447 1505 511; x_wconf 90' lang='lat' dir='ltr'>ejus</span> <span class='ocrx_word' id='word_1_20' title='bbox 1526 460 1672 514; x_wconf 73' lang='lat' dir='ltr'>aperto.</span> 
     </span>
     <span class='ocr_line' id='line_1_4' title="bbox 250 523 1672 593; baseline -0.001 -18"><span class='ocrx_word' id='word_1_21' title='bbox 250 526 475 583; x_wconf 85' lang='lat' dir='ltr'>indicant,</span> <span class='ocrx_word' id='word_1_22' title='bbox 499 536 674 593; x_wconf 88' lang='lat' dir='ltr'>poetam</span> <span class='ocrx_word' id='word_1_23' title='bbox 702 535 933 591; x_wconf 87' lang='lat' dir='ltr'>utramque</span> <span class='ocrx_word' id='word_1_24' title='bbox 971 523 1141 574; x_wconf 84' lang='lat' dir='ltr'>stellam</span> <span class='ocrx_word' id='word_1_25' title='bbox 1177 535 1272 573; x_wconf 83' lang='lat' dir='ltr'>toto</span> <span class='ocrx_word' id='word_1_26' title='bbox 1298 523 1401 573; x_wconf 83' lang='lat' dir='ltr'>caelo</span> <span class='ocrx_word' id='word_1_27' title='bbox 1442 524 1672 574; x_wconf 85' lang='lat' dir='ltr'>distantem</span> 
     </span>
     <span class='ocr_line' id='line_1_5' title="bbox 252 601 928 662; baseline -0.006 -8"><span class='ocrx_word' id='word_1_28' title='bbox 252 603 381 654; x_wconf 88' lang='lat' dir='ltr'>simul</span> <span class='ocrx_word' id='word_1_29' title='bbox 407 602 605 653; x_wconf 89' lang='lat' dir='ltr'>occidere</span> <span class='ocrx_word' id='word_1_30' title='bbox 622 641 634 662; x_wconf 90' lang='lat'><strong>‚</strong></span> <span class='ocrx_word' id='word_1_31' title='bbox 659 601 895 651; x_wconf 81' lang='lat' dir='ltr'>credidisse</span> <span class='ocrx_word' id='word_1_32' title='bbox 918 621 928 650; x_wconf 94' lang='lat'><strong>:</strong></span> 
     </span>
    </p>
   </div>
   <div class='ocr_carea' id='block_1_3' title="bbox 421 705 1448 936">
    <p class='ocr_par' dir='ltr' id='par_1_3' title="bbox 421 705 1448 936">
     <span class='ocr_line' id='line_1_6' title="bbox 428 705 1245 753; baseline -0.004 -9"><span class='ocrx_word' id='word_1_33' title='bbox 428 707 491 744; x_wconf 80' lang='lat' dir='ltr'>llla</span> <span class='ocrx_word' id='word_1_34' title='bbox 511 714 613 743; x_wconf 79' lang='lat' dir='ltr'>nocte</span> <span class='ocrx_word' id='word_1_35' title='bbox 632 707 754 753; x_wconf 79' lang='lat' dir='ltr'>aliquis</span> <span class='ocrx_word' id='word_1_36' title='bbox 771 706 895 742; x_wconf 79' lang='lat' dir='ltr'>tollens</span> <span class='ocrx_word' id='word_1_37' title='bbox 914 705 957 741; x_wconf 80' lang='lat' dir='ltr'>ad</span> <span class='ocrx_word' id='word_1_38' title='bbox 976 705 1089 741; x_wconf 78' lang='lat' dir='ltr'>sidera</span> <span class='ocrx_word' id='word_1_39' title='bbox 1110 705 1245 741; x_wconf 82' lang='lat' dir='ltr'>mltum</span> 
     </span>
     <span class='ocr_line' id='line_1_7' title="bbox 492 766 1369 815; baseline -0.001 -12"><span class='ocrx_word' id='word_1_40' title='bbox 492 768 595 804; x_wconf 86' lang='lat' dir='ltr'>Dicet</span> <span class='ocrx_word' id='word_1_41' title='bbox 611 781 620 803; x_wconf 79' lang='lat' dir='ltr'>t</span> <span class='ocrx_word' id='word_1_42' title='bbox 639 768 710 803; x_wconf 89' lang='lat' dir='ltr'>Ubi</span> <span class='ocrx_word' id='word_1_43' title='bbox 728 775 779 804; x_wconf 79' lang='lat' dir='ltr'>est</span> <span class='ocrx_word' id='word_1_44' title='bbox 797 766 903 803; x_wconf 78' lang='lat' dir='ltr'>hodie</span> <span class='ocrx_word' id='word_1_45' title='bbox 916 794 925 812; x_wconf 92' lang='lat'>,</span> <span class='ocrx_word' id='word_1_46' title='bbox 948 780 1025 813; x_wconf 69' lang='lat' dir='ltr'>quae</span> <span class='ocrx_word' id='word_1_47' title='bbox 1046 767 1136 815; x_wconf 84' lang='lat' dir='ltr'>Lyra</span> <span class='ocrx_word' id='word_1_48' title='bbox 1154 766 1249 802; x_wconf 75' lang='lat' dir='ltr'>fulsit</span> <span class='ocrx_word' id='word_1_49' title='bbox 1266 766 1369 802; x_wconf 79' lang='lat' dir='ltr'>heri?</span> 
     </span>
     <span class='ocr_line' id='line_1_8' title="bbox 421 827 1448 877; baseline 0 -13"><span class='ocrx_word' id='word_1_50' title='bbox 421 829 591 875; x_wconf 84' lang='lat' dir='ltr'>Dumque</span> <span class='ocrx_word' id='word_1_51' title='bbox 608 829 739 877; x_wconf 80' lang='lat' dir='ltr'><strong>Lyram</strong></span> <span class='ocrx_word' id='word_1_52' title='bbox 758 835 912 875; x_wconf 69' lang='lat' dir='ltr'>queret,</span> <span class='ocrx_word' id='word_1_53' title='bbox 933 827 1040 863; x_wconf 85' lang='lat' dir='ltr'>medii</span> <span class='ocrx_word' id='word_1_54' title='bbox 1059 840 1198 874; x_wconf 88' lang='lat' dir='ltr'>quoque</span> <span class='ocrx_word' id='word_1_55' title='bbox 1217 834 1309 873; x_wconf 64' lang='lat' dir='ltr'>terp</span> <span class='ocrx_word' id='word_1_56' title='bbox 1323 828 1448 864; x_wconf 75' lang='lat' dir='ltr'>Leonis</span> 
     </span>
     <span class='ocr_line' id='line_1_9' title="bbox 491 888 1241 936; baseline -0.003 -11"><span class='ocrx_word' id='word_1_57' title='bbox 491 890 535 926; x_wconf 78' lang='lat' dir='ltr'>In</span> <span class='ocrx_word' id='word_1_58' title='bbox 554 889 702 936; x_wconf 78' lang='lat' dir='ltr'>liquidas</span> <span class='ocrx_word' id='word_1_59' title='bbox 718 892 831 925; x_wconf 77' lang='lat' dir='ltr'>subito</span> <span class='ocrx_word' id='word_1_60' title='bbox 846 901 961 924; x_wconf 80' lang='lat' dir='ltr'>mersa</span> <span class='ocrx_word' id='word_1_61' title='bbox 977 888 1109 924; x_wconf 75' lang='lat' dir='ltr'>videbit</span> <span class='ocrx_word' id='word_1_62' title='bbox 1125 900 1241 934; x_wconf 77' lang='lat' dir='ltr'>aquas.</span> 
     </span>
    </p>
   </div>
   <div class='ocr_carea' id='block_1_4' title="bbox 247 981 1713 2356">
    <p class='ocr_par' dir='ltr' id='par_1_4' title="bbox 247 981 1713 2356">
     <span class='ocr_line' id='line_1_10' title="bbox 313 981 1674 1049; baseline -0.001 -19"><span class='ocrx_word' id='word_1_63' title='bbox 313 984 495 1032; x_wconf 83' lang='lat' dir='ltr'>Vertere</span> <span class='ocrx_word' id='word_1_64' title='bbox 518 981 672 1040; x_wconf 87' lang='lat' dir='ltr'>liceat,</span> <span class='ocrx_word' id='word_1_65' title='bbox 709 1001 807 1049; x_wconf 82' lang='lat' dir='ltr'>quae</span> <span class='ocrx_word' id='word_1_66' title='bbox 840 984 1089 1033; x_wconf 79' lang='lat' dir='ltr'>Ka&#39;stnerus</span> <span class='ocrx_word' id='word_1_67' title='bbox 1120 982 1151 1031; x_wconf 93' lang='lat' dir='ltr'>l.</span> <span class='ocrx_word' id='word_1_68' title='bbox 1177 1002 1213 1030; x_wconf 92' lang='lat' dir='ltr'>c.</span> <span class='ocrx_word' id='word_1_69' title='bbox 1239 982 1410 1045; x_wconf 86' lang='lat' dir='ltr'>egregie</span> <span class='ocrx_word' id='word_1_70' title='bbox 1434 981 1639 1031; x_wconf 81' lang='lat' dir='ltr'>disseruit</span> <span class='ocrx_word' id='word_1_71' title='bbox 1663 1003 1674 1029; x_wconf 72' lang='grc' dir='ltr'>ε</span> 
     </span>
     <span class='ocr_line' id='line_1_11' title="bbox 253 1060 1677 1130; baseline -0.001 -22"><span class='ocrx_word' id='word_1_72' title='bbox 253 1061 301 1109; x_wconf 89' lang='lat' dir='ltr'>Si</span> <span class='ocrx_word' id='word_1_73' title='bbox 326 1061 426 1128; x_wconf 89' lang='lat' dir='ltr'>quis</span> <span class='ocrx_word' id='word_1_74' title='bbox 450 1060 615 1111; x_wconf 81' lang='lat' dir='ltr'>frustra</span> <span class='ocrx_word' id='word_1_75' title='bbox 646 1063 804 1129; x_wconf 84' lang='lat' dir='ltr'>Lyram</span> <span class='ocrx_word' id='word_1_76' title='bbox 829 1061 1113 1130; x_wconf 80' lang='lat' dir='ltr'>quaesiverat‚</span> <span class='ocrx_word' id='word_1_77' title='bbox 1144 1060 1301 1128; x_wconf 88' lang='lat' dir='ltr'>idque,</span> <span class='ocrx_word' id='word_1_78' title='bbox 1327 1072 1376 1109; x_wconf 87' lang='lat' dir='ltr'>ut</span> <span class='ocrx_word' id='word_1_79' title='bbox 1398 1072 1602 1127; x_wconf 86' lang='lat' dir='ltr'>apparet,</span> <span class='ocrx_word' id='word_1_80' title='bbox 1634 1061 1677 1107; x_wconf 86' lang='lat' dir='ltr'>in</span> 
     </span>
     <span class='ocr_line' id='line_1_12' title="bbox 249 1137 1713 1211; baseline -0.001 -25"><span class='ocrx_word' id='word_1_81' title='bbox 249 1137 340 1187; x_wconf 85' lang='lat' dir='ltr'>caeli</span> <span class='ocrx_word' id='word_1_82' title='bbox 362 1149 487 1205; x_wconf 86' lang='lat' dir='ltr'>parte</span> <span class='ocrx_word' id='word_1_83' title='bbox 510 1138 784 1205; x_wconf 82' lang='lat' dir='ltr'>vespertina,</span> <span class='ocrx_word' id='word_1_84' title='bbox 817 1138 1014 1188; x_wconf 81' lang='lat' dir='ltr'>converti</span> <span class='ocrx_word' id='word_1_85' title='bbox 1047 1139 1166 1187; x_wconf 89' lang='lat' dir='ltr'>hunc</span> <span class='ocrx_word' id='word_1_86' title='bbox 1196 1138 1374 1187; x_wconf 89' lang='lat' dir='ltr'>nonnisi</span> <span class='ocrx_word' id='word_1_87' title='bbox 1409 1137 1674 1204; x_wconf 82' lang='lat' dir='ltr'>oportebat,</span> <span class='ocrx_word' id='word_1_88' title='bbox 1697 1193 1713 1211; x_wconf 85' lang='lat'>.</span> 
     </span>
     <span class='ocr_line' id='line_1_13' title="bbox 249 1216 1669 1284; baseline -0.001 -21"><span class='ocrx_word' id='word_1_89' title='bbox 249 1227 300 1263; x_wconf 87' lang='lat' dir='ltr'>ut</span> <span class='ocrx_word' id='word_1_90' title='bbox 324 1216 539 1265; x_wconf 87' lang='lat' dir='ltr'>orientem</span> <span class='ocrx_word' id='word_1_91' title='bbox 567 1216 735 1266; x_wconf 85' lang='lat' dir='ltr'>videret</span> <span class='ocrx_word' id='word_1_92' title='bbox 755 1235 764 1264; x_wconf 75' lang='grc' dir='ltr'><strong><em>ε</em></strong></span> <span class='ocrx_word' id='word_1_93' title='bbox 789 1216 963 1284; x_wconf 86' lang='lat' dir='ltr'>poetice</span> <span class='ocrx_word' id='word_1_94' title='bbox 987 1217 1144 1280; x_wconf 83' lang='lat' dir='ltr'>igitur,</span> <span class='ocrx_word' id='word_1_95' title='bbox 1168 1235 1260 1264; x_wconf 89' lang='lat' dir='ltr'>non</span> <span class='ocrx_word' id='word_1_96' title='bbox 1295 1216 1402 1264; x_wconf 83' lang='lat' dir='ltr'>mari</span> <span class='ocrx_word' id='word_1_97' title='bbox 1418 1216 1642 1263; x_wconf 80' lang='lat' dir='ltr'>immersum</span> <span class='ocrx_word' id='word_1_98' title='bbox 1659 1254 1669 1270; x_wconf 88' lang='lat'><em>‚</em></span> 
     </span>
     <span class='ocr_line' id='line_1_14' title="bbox 249 1291 1675 1361; baseline -0.001 -20"><span class='ocrx_word' id='word_1_99' title='bbox 249 1293 325 1342; x_wconf 87' lang='lat' dir='ltr'>sed</span> <span class='ocrx_word' id='word_1_100' title='bbox 342 1304 601 1361; x_wconf 74' lang='lat' dir='ltr'>emergentem</span> <span class='ocrx_word' id='word_1_101' title='bbox 620 1314 644 1343; x_wconf 93' lang='lat' dir='ltr'>e</span> <span class='ocrx_word' id='word_1_102' title='bbox 661 1295 774 1344; x_wconf 84' lang='lat' dir='ltr'>mari</span> <span class='ocrx_word' id='word_1_103' title='bbox 789 1294 978 1344; x_wconf 89' lang='lat' dir='ltr'>videbat.</span> <span class='ocrx_word' id='word_1_104' title='bbox 998 1295 1137 1360; x_wconf 86' lang='lat' dir='ltr'>Quod</span> <span class='ocrx_word' id='word_1_105' title='bbox 1158 1295 1194 1343; x_wconf 92' lang='lat' dir='ltr'>si</span> <span class='ocrx_word' id='word_1_106' title='bbox 1220 1306 1394 1343; x_wconf 90' lang='lat' dir='ltr'>noctem</span> <span class='ocrx_word' id='word_1_107' title='bbox 1416 1291 1675 1360; x_wconf 80' lang='lat' dir='ltr'>pervigilare</span> 
     </span>
     <span class='ocr_line' id='line_1_15' title="bbox 247 1370 1670 1440; baseline 0 -23"><span class='ocrx_word' id='word_1_108' title='bbox 247 1370 482 1430; x_wconf 81' lang='lat' dir='ltr'>voluisset,</span> <span class='ocrx_word' id='word_1_109' title='bbox 502 1392 629 1422; x_wconf 88' lang='lat' dir='ltr'>mane</span> <span class='ocrx_word' id='word_1_110' title='bbox 654 1373 830 1440; x_wconf 90' lang='lat' dir='ltr'>quidem</span> <span class='ocrx_word' id='word_1_111' title='bbox 854 1373 1019 1423; x_wconf 86' lang='lat' dir='ltr'>Leonis</span> <span class='ocrx_word' id='word_1_112' title='bbox 1041 1391 1242 1421; x_wconf 89' lang='lat' dir='ltr'>occasum</span> <span class='ocrx_word' id='word_1_113' title='bbox 1266 1383 1461 1438; x_wconf 80' lang='lat' dir='ltr'>spectare</span> <span class='ocrx_word' id='word_1_114' title='bbox 1482 1381 1670 1440; x_wconf 86' lang='lat' dir='ltr'>poterat.</span> 
     </span>
     <span class='ocr_line' id='line_1_16' title="bbox 247 1449 1676 1518; baseline -0.002 -20"><span class='ocrx_word' id='word_1_115' title='bbox 247 1450 345 1499; x_wconf 81' lang='lat' dir='ltr'>Etsi</span> <span class='ocrx_word' id='word_1_116' title='bbox 367 1463 511 1500; x_wconf 84' lang='lat' dir='ltr'>autem</span> <span class='ocrx_word' id='word_1_117' title='bbox 548 1471 639 1500; x_wconf 86' lang='lat' dir='ltr'>nox</span> <span class='ocrx_word' id='word_1_118' title='bbox 663 1452 842 1501; x_wconf 89' lang='lat' dir='ltr'>ineunte</span> <span class='ocrx_word' id='word_1_119' title='bbox 872 1451 1113 1501; x_wconf 84' lang='lat' dir='ltr'>Februario</span> <span class='ocrx_word' id='word_1_120' title='bbox 1146 1449 1404 1518; x_wconf 79' lang='lat' dir='ltr'>pervigilata</span> <span class='ocrx_word' id='word_1_121' title='bbox 1434 1469 1521 1497; x_wconf 91' lang='lat' dir='ltr'>non</span> <span class='ocrx_word' id='word_1_122' title='bbox 1554 1468 1676 1515; x_wconf 81' lang='lat' dir='ltr'>aeque</span> 
     </span>
     <span class='ocr_line' id='line_1_17' title="bbox 249 1527 1676 1593; baseline 0 -18"><span class='ocrx_word' id='word_1_123' title='bbox 249 1527 383 1592; x_wconf 84' lang='lat' dir='ltr'>longa</span> <span class='ocrx_word' id='word_1_124' title='bbox 406 1541 472 1578; x_wconf 85' lang='lat' dir='ltr'>est</span> <span class='ocrx_word' id='word_1_125' title='bbox 505 1529 552 1577; x_wconf 88' lang='lat' dir='ltr'>in</span> <span class='ocrx_word' id='word_1_126' title='bbox 584 1528 737 1587; x_wconf 84' lang='lat' dir='ltr'>Italia,</span> <span class='ocrx_word' id='word_1_127' title='bbox 762 1549 811 1579; x_wconf 90' lang='lat' dir='ltr'>ac</span> <span class='ocrx_word' id='word_1_128' title='bbox 835 1530 950 1578; x_wconf 82' lang='lat' dir='ltr'>forte</span> <span class='ocrx_word' id='word_1_129' title='bbox 978 1530 1203 1593; x_wconf 69' lang='lat' dir='ltr'>Gottingae</span> <span class='ocrx_word' id='word_1_130' title='bbox 1231 1528 1389 1584; x_wconf 84' lang='lat' dir='ltr'>suerit,</span> <span class='ocrx_word' id='word_1_131' title='bbox 1420 1527 1579 1576; x_wconf 86' lang='lat' dir='ltr'>dubito</span> <span class='ocrx_word' id='word_1_132' title='bbox 1614 1539 1676 1575; x_wconf 89' lang='lat' dir='ltr'>ta-</span> 
     </span>
     <span class='ocr_line' id='line_1_18' title="bbox 249 1604 1677 1670; baseline -0.001 -17"><span class='ocrx_word' id='word_1_133' title='bbox 249 1624 372 1664; x_wconf 87' lang='lat' dir='ltr'>men,</span> <span class='ocrx_word' id='word_1_134' title='bbox 399 1626 454 1656; x_wconf 86' lang='lat' dir='ltr'>an</span> <span class='ocrx_word' id='word_1_135' title='bbox 479 1607 609 1657; x_wconf 86' lang='lat' dir='ltr'>etiam</span> <span class='ocrx_word' id='word_1_136' title='bbox 635 1609 790 1657; x_wconf 84' lang='lat' dir='ltr'>Romae</span> <span class='ocrx_word' id='word_1_137' title='bbox 814 1607 868 1656; x_wconf 90' lang='lat' dir='ltr'>de</span> <span class='ocrx_word' id='word_1_138' title='bbox 904 1607 1081 1670; x_wconf 69' lang='lat' dir='ltr'>integrae</span> <span class='ocrx_word' id='word_1_139' title='bbox 1108 1606 1251 1655; x_wconf 91' lang='lat' dir='ltr'>noctis</span> <span class='ocrx_word' id='word_1_140' title='bbox 1287 1604 1515 1654; x_wconf 76' lang='lat' dir='ltr'>intervallo</span> <span class='ocrx_word' id='word_1_141' title='bbox 1547 1604 1677 1653; x_wconf 78' lang='lat' dir='ltr'>subito</span> 
     </span>
     <span class='ocr_line' id='line_1_19' title="bbox 250 1684 1677 1755; baseline 0 -24"><span class='ocrx_word' id='word_1_142' title='bbox 250 1684 337 1733; x_wconf 82' lang='lat' dir='ltr'>dici</span> <span class='ocrx_word' id='word_1_143' title='bbox 362 1698 507 1752; x_wconf 88' lang='lat' dir='ltr'>queat.</span> <span class='ocrx_word' id='word_1_144' title='bbox 538 1687 597 1735; x_wconf 85' lang='lat' dir='ltr'>Et</span> <span class='ocrx_word' id='word_1_145' title='bbox 620 1687 790 1754; x_wconf 89' lang='lat' dir='ltr'>patebit</span> <span class='ocrx_word' id='word_1_146' title='bbox 813 1686 872 1735; x_wconf 90' lang='lat' dir='ltr'>ita</span> <span class='ocrx_word' id='word_1_147' title='bbox 888 1723 899 1744; x_wconf 92' lang='lat'>‚</span> <span class='ocrx_word' id='word_1_148' title='bbox 925 1685 1166 1742; x_wconf 81' lang='lat' dir='ltr'>Ovidium,</span> <span class='ocrx_word' id='word_1_149' title='bbox 1189 1684 1320 1755; x_wconf 76' lang='lat' dir='ltr'>Lyrae</span> <span class='ocrx_word' id='word_1_150' title='bbox 1335 1695 1376 1733; x_wconf 81' lang='lat' dir='ltr'>e!</span> <span class='ocrx_word' id='word_1_151' title='bbox 1398 1684 1547 1733; x_wconf 82' lang='lat' dir='ltr'>Leonis</span> <span class='ocrx_word' id='word_1_152' title='bbox 1562 1703 1677 1731; x_wconf 82' lang='lat' dir='ltr'><em>occa-</em></span> 
     </span>
     <span class='ocr_line' id='line_1_20' title="bbox 248 1761 1675 1828; baseline -0.002 -17"><span class='ocrx_word' id='word_1_153' title='bbox 248 1782 336 1811; x_wconf 85' lang='lat' dir='ltr'>sum</span> <span class='ocrx_word' id='word_1_154' title='bbox 367 1764 493 1813; x_wconf 84' lang='lat' dir='ltr'>simul</span> <span class='ocrx_word' id='word_1_155' title='bbox 523 1765 657 1821; x_wconf 85' lang='lat' dir='ltr'>cerni,</span> <span class='ocrx_word' id='word_1_156' title='bbox 686 1783 784 1813; x_wconf 84' lang='lat' dir='ltr'>vere</span> <span class='ocrx_word' id='word_1_157' title='bbox 818 1763 1066 1813; x_wconf 89' lang='lat' dir='ltr'>credidisse.</span> <span class='ocrx_word' id='word_1_158' title='bbox 1103 1764 1322 1811; x_wconf 87' lang='lat' dir='ltr'>Occasum</span> <span class='ocrx_word' id='word_1_159' title='bbox 1355 1762 1418 1810; x_wconf 83' lang='lat' dir='ltr'>ibi</span> <span class='ocrx_word' id='word_1_160' title='bbox 1457 1761 1675 1828; x_wconf 83' lang='lat' dir='ltr'>duplicem</span> 
     </span>
     <span class='ocr_line' id='line_1_21' title="bbox 250 1839 1677 1909; baseline -0.001 -20"><span class='ocrx_word' id='word_1_161' title='bbox 250 1859 367 1898; x_wconf 81' lang='lat' dir='ltr'>esse,</span> <span class='ocrx_word' id='word_1_162' title='bbox 394 1841 655 1909; x_wconf 87' lang='lat' dir='ltr'>interpretes</span> <span class='ocrx_word' id='word_1_163' title='bbox 673 1842 866 1891; x_wconf 82' lang='lat' dir='ltr'>breviter</span> <span class='ocrx_word' id='word_1_164' title='bbox 882 1841 1178 1897; x_wconf 79' lang='lat' dir='ltr'>adnotarunt,</span> <span class='ocrx_word' id='word_1_165' title='bbox 1202 1841 1283 1889; x_wconf 88' lang='lat' dir='ltr'>etsi</span> <span class='ocrx_word' id='word_1_166' title='bbox 1302 1841 1371 1888; x_wconf 87' lang='lat' dir='ltr'>vix</span> <span class='ocrx_word' id='word_1_167' title='bbox 1392 1839 1553 1907; x_wconf 85' lang='lat' dir='ltr'>aliquis</span> <span class='ocrx_word' id='word_1_168' title='bbox 1577 1839 1677 1888; x_wconf 88' lang='lat' dir='ltr'>inde</span> 
     </span>
     <span class='ocr_line' id='line_1_22' title="bbox 251 1916 1670 1987; baseline -0.002 -20"><span class='ocrx_word' id='word_1_169' title='bbox 251 1939 428 1969; x_wconf 77' lang='lat' dir='ltr'>sensum</span> <span class='ocrx_word' id='word_1_170' title='bbox 452 1920 538 1970; x_wconf 83' lang='lat' dir='ltr'>loci</span> <span class='ocrx_word' id='word_1_171' title='bbox 561 1921 668 1969; x_wconf 88' lang='lat' dir='ltr'>satis</span> <span class='ocrx_word' id='word_1_172' title='bbox 691 1918 906 1987; x_wconf 86' lang='lat' dir='ltr'>percipiat</span> <span class='ocrx_word' id='word_1_173' title='bbox 930 1939 939 1967; x_wconf 93' lang='lat'>:</span> <span class='ocrx_word' id='word_1_174' title='bbox 965 1918 1037 1967; x_wconf 87' lang='lat' dir='ltr'>Eo</span> <span class='ocrx_word' id='word_1_175' title='bbox 1067 1917 1195 1984; x_wconf 62' lang='lat' dir='ltr'>magt}</span> <span class='ocrx_word' id='word_1_176' title='bbox 1227 1916 1510 1984; x_wconf 67' lang='lat' dir='ltr'>exponendum</span> <span class='ocrx_word' id='word_1_177' title='bbox 1541 1927 1670 1971; x_wconf 80' lang='lat' dir='ltr'>esset,</span> 
     </span>
     <span class='ocr_line' id='line_1_23' title="bbox 250 1993 1676 2065; baseline -0.003 -20"><span class='ocrx_word' id='word_1_178' title='bbox 250 2016 370 2065; x_wconf 79' lang='lat' dir='ltr'>quam</span> <span class='ocrx_word' id='word_1_179' title='bbox 385 2008 543 2064; x_wconf 77' lang='lat' dir='ltr'>praeter</span> <span class='ocrx_word' id='word_1_180' title='bbox 567 2009 754 2047; x_wconf 83' lang='lat' dir='ltr'>naturam</span> <span class='ocrx_word' id='word_1_181' title='bbox 780 1998 938 2064; x_wconf 82' lang='lat' dir='ltr'>passim</span> <span class='ocrx_word' id='word_1_182' title='bbox 968 1996 1198 2062; x_wconf 69' lang='lat' dir='ltr'>depinxerit</span> <span class='ocrx_word' id='word_1_183' title='bbox 1220 2006 1345 2062; x_wconf 80' lang='lat' dir='ltr'>poeta</span> <span class='ocrx_word' id='word_1_184' title='bbox 1358 2035 1369 2051; x_wconf 91' lang='lat'><em>,</em></span> <span class='ocrx_word' id='word_1_185' title='bbox 1395 1995 1436 2043; x_wconf 85' lang='lat' dir='ltr'>in</span> <span class='ocrx_word' id='word_1_186' title='bbox 1462 1995 1575 2062; x_wconf 77' lang='lat' dir='ltr'>caeq‘ns</span> <span class='ocrx_word' id='word_1_187' title='bbox 1596 1993 1676 2041; x_wconf 83' lang='lat' dir='ltr'>de-</span> 
     </span>
     <span class='ocr_line' id='line_1_24' title="bbox 249 2073 1674 2142; baseline -0.003 -19"><span class='ocrx_word' id='word_1_188' title='bbox 249 2076 532 2141; x_wconf 71' lang='lat' dir='ltr'>scriptionibus</span> <span class='ocrx_word' id='word_1_189' title='bbox 552 2076 653 2125; x_wconf 83' lang='lat' dir='ltr'>alibi</span> <span class='ocrx_word' id='word_1_190' title='bbox 671 2096 750 2125; x_wconf 85' lang='lat' dir='ltr'>non</span> <span class='ocrx_word' id='word_1_191' title='bbox 771 2076 900 2142; x_wconf 67' lang='lat' dir='ltr'>legere</span> <span class='ocrx_word' id='word_1_192' title='bbox 915 2115 924 2131; x_wconf 92' lang='lat'><strong>‚</strong></span> <span class='ocrx_word' id='word_1_193' title='bbox 953 2074 1030 2123; x_wconf 82' lang='lat' dir='ltr'>sed</span> <span class='ocrx_word' id='word_1_194' title='bbox 1045 2075 1175 2141; x_wconf 83' lang='lat' dir='ltr'>ipsam</span> <span class='ocrx_word' id='word_1_195' title='bbox 1193 2084 1380 2121; x_wconf 76' lang='lat' dir='ltr'>naturam</span> <span class='ocrx_word' id='word_1_196' title='bbox 1396 2074 1544 2121; x_wconf 82' lang='lat' dir='ltr'>intueri</span> <span class='ocrx_word' id='word_1_197' title='bbox 1562 2073 1674 2119; x_wconf 80' lang='lat' dir='ltr'>nobis</span> 
     </span>
     <span class='ocr_line' id='line_1_25' title="bbox 247 2150 1673 2207; baseline -0.003 -7"><span class='ocrx_word' id='word_1_198' title='bbox 247 2153 501 2203; x_wconf 77' lang='lat' dir='ltr'>arbitramur.</span> <span class='ocrx_word' id='word_1_199' title='bbox 526 2154 657 2203; x_wconf 82' lang='lat' dir='ltr'>Haud</span> <span class='ocrx_word' id='word_1_200' title='bbox 675 2154 810 2203; x_wconf 88' lang='lat' dir='ltr'>dubie</span> <span class='ocrx_word' id='word_1_201' title='bbox 835 2152 981 2203; x_wconf 83' lang='lat' dir='ltr'>stellas</span> <span class='ocrx_word' id='word_1_202' title='bbox 1003 2150 1183 2201; x_wconf 88' lang='lat' dir='ltr'>nonnisi</span> <span class='ocrx_word' id='word_1_203' title='bbox 1202 2170 1225 2200; x_wconf 89' lang='lat' dir='ltr'>e</span> <span class='ocrx_word' id='word_1_204' title='bbox 1243 2150 1393 2207; x_wconf 84' lang='lat' dir='ltr'>libris,</span> <span class='ocrx_word' id='word_1_205' title='bbox 1417 2162 1588 2199; x_wconf 82' lang='lat' dir='ltr'>caeteras</span> <span class='ocrx_word' id='word_1_206' title='bbox 1606 2168 1673 2197; x_wconf 83' lang='lat' dir='ltr'>res</span> 
     </span>
     <span class='ocr_line' id='line_1_26' title="bbox 251 2223 1677 2298; baseline -0.004 -20"><span class='ocrx_word' id='word_1_207' title='bbox 251 2248 303 2278; x_wconf 83' lang='lat' dir='ltr'>ex</span> <span class='ocrx_word' id='word_1_208' title='bbox 327 2230 424 2298; x_wconf 89' lang='lat' dir='ltr'>ipsa</span> <span class='ocrx_word' id='word_1_209' title='bbox 447 2243 603 2280; x_wconf 84' lang='lat' dir='ltr'>natura</span> <span class='ocrx_word' id='word_1_210' title='bbox 627 2223 855 2294; x_wconf 85' lang='lat' dir='ltr'>cognovit,</span> <span class='ocrx_word' id='word_1_211' title='bbox 882 2242 926 2279; x_wconf 87' lang='lat' dir='ltr'>et</span> <span class='ocrx_word' id='word_1_212' title='bbox 951 2229 1091 2278; x_wconf 82' lang='lat' dir='ltr'>defuit</span> <span class='ocrx_word' id='word_1_213' title='bbox 1117 2246 1202 2277; x_wconf 89' lang='lat' dir='ltr'>una</span> <span class='ocrx_word' id='word_1_214' title='bbox 1227 2248 1249 2277; x_wconf 88' lang='lat' dir='ltr'>e</span> <span class='ocrx_word' id='word_1_215' title='bbox 1272 2228 1537 2282; x_wconf 72' lang='lat' dir='ltr'>virtutibus,</span> <span class='ocrx_word' id='word_1_216' title='bbox 1565 2246 1677 2293; x_wconf 73' lang='lat' dir='ltr'>quas</span> 
     </span>
     <span class='ocr_line' id='line_1_27' title="bbox 252 2303 807 2356; baseline 0.004 -3"><span class='ocrx_word' id='word_1_217' title='bbox 252 2306 296 2355; x_wconf 91' lang='lat' dir='ltr'>in</span> <span class='ocrx_word' id='word_1_218' title='bbox 317 2306 602 2356; x_wconf 82' lang='lat' dir='ltr'>Astronomis</span> <span class='ocrx_word' id='word_1_219' title='bbox 623 2303 772 2356; x_wconf 86' lang='lat' dir='ltr'>laudat</span> <span class='ocrx_word' id='word_1_220' title='bbox 797 2327 807 2355; x_wconf 93' lang='lat'><strong>:</strong></span> 
     </span>
    </p>
   </div>
   <div class='ocr_carea' id='block_1_5' title="bbox 319 2403 1677 2549">
    <p class='ocr_par' dir='ltr' id='par_1_5' title="bbox 319 2403 1677 2549">
     <span class='ocr_line' id='line_1_28' title="bbox 428 2403 1317 2452; baseline -0.004 -10"><span class='ocrx_word' id='word_1_221' title='bbox 428 2407 504 2442; x_wconf 73' lang='lat' dir='ltr'>Non</span> <span class='ocrx_word' id='word_1_222' title='bbox 524 2407 636 2442; x_wconf 72' lang='lat' dir='ltr'>Venus</span> <span class='ocrx_word' id='word_1_223' title='bbox 648 2433 657 2447; x_wconf 84' lang='lat'><em>,</em></span> <span class='ocrx_word' id='word_1_224' title='bbox 677 2413 713 2442; x_wconf 79' lang='lat' dir='ltr'>et</span> <span class='ocrx_word' id='word_1_225' title='bbox 729 2405 850 2441; x_wconf 79' lang='lat' dir='ltr'>vinum</span> <span class='ocrx_word' id='word_1_226' title='bbox 868 2405 1028 2441; x_wconf 74' lang='lat' dir='ltr'>subiimia</span> <span class='ocrx_word' id='word_1_227' title='bbox 1046 2412 1186 2452; x_wconf 70' lang='lat' dir='ltr'>pectora</span> <span class='ocrx_word' id='word_1_228' title='bbox 1205 2403 1317 2450; x_wconf 74' lang='lat' dir='ltr'>tregit.</span> 
     </span>
     <span class='ocr_line' id='line_1_29' title="bbox 319 2482 1677 2549; baseline -0.004 -14"><span class='ocrx_word' id='word_1_229' title='bbox 319 2487 386 2535; x_wconf 91' lang='lat' dir='ltr'>De</span> <span class='ocrx_word' id='word_1_230' title='bbox 407 2484 505 2535; x_wconf 84' lang='lat' dir='ltr'>aliis</span> <span class='ocrx_word' id='word_1_231' title='bbox 527 2484 637 2535; x_wconf 86' lang='lat' dir='ltr'>locis</span> <span class='ocrx_word' id='word_1_232' title='bbox 663 2503 841 2534; x_wconf 86' lang='lat' dir='ltr'>monere</span> <span class='ocrx_word' id='word_1_233' title='bbox 876 2484 1029 2541; x_wconf 81' lang='lat' dir='ltr'>liceat,</span> <span class='ocrx_word' id='word_1_234' title='bbox 1059 2482 1137 2531; x_wconf 90' lang='lat' dir='ltr'>ubi</span> <span class='ocrx_word' id='word_1_235' title='bbox 1174 2482 1322 2532; x_wconf 82' lang='lat' dir='ltr'>eadem</span> <span class='ocrx_word' id='word_1_236' title='bbox 1357 2494 1421 2531; x_wconf 86' lang='lat' dir='ltr'>est</span> <span class='ocrx_word' id='word_1_237' title='bbox 1448 2483 1677 2549; x_wconf 66' lang='lat' dir='ltr'>utriusque·</span> 
     </span>
    </p>
   </div>
   <div class='ocr_carea' id='block_1_6' title="bbox 253 2559 1677 2707">
    <p class='ocr_par' dir='ltr' id='par_1_6' title="bbox 253 2559 1677 2707">
     <span class='ocr_line' id='line_1_30' title="bbox 253 2559 1677 2629; baseline -0.002 -19"><span class='ocrx_word' id='word_1_238' title='bbox 253 2573 379 2611; x_wconf 85' lang='lat' dir='ltr'>ortus</span> <span class='ocrx_word' id='word_1_239' title='bbox 401 2562 715 2618; x_wconf 85' lang='lat' dir='ltr'>commutatio,</span> <span class='ocrx_word' id='word_1_240' title='bbox 749 2581 846 2629; x_wconf 85' lang='lat' dir='ltr'>quae</span> <span class='ocrx_word' id='word_1_241' title='bbox 875 2560 1082 2611; x_wconf 84' lang='lat' dir='ltr'>lectorem</span> <span class='ocrx_word' id='word_1_242' title='bbox 1113 2559 1235 2610; x_wconf 84' lang='lat' dir='ltr'>facile</span> <span class='ocrx_word' id='word_1_243' title='bbox 1260 2560 1305 2609; x_wconf 90' lang='lat' dir='ltr'>iu</span> <span class='ocrx_word' id='word_1_244' title='bbox 1331 2580 1520 2610; x_wconf 79' lang='lat' dir='ltr'>errorem</span> <span class='ocrx_word' id='word_1_245' title='bbox 1550 2561 1677 2609; x_wconf 76' lang='lat' dir='ltr'>indu·</span> 
     </span>
     <span class='ocr_line' id='line_1_31' title="bbox 254 2639 844 2707; baseline 0 -19"><span class='ocrx_word' id='word_1_246' title='bbox 254 2653 335 2689; x_wconf 80' lang='lat' dir='ltr'>cat.</span> <span class='ocrx_word' id='word_1_247' title='bbox 362 2642 480 2690; x_wconf 82' lang='lat' dir='ltr'>Fast.</span> <span class='ocrx_word' id='word_1_248' title='bbox 506 2642 584 2698; x_wconf 85' lang='lat' dir='ltr'>lv,</span> <span class='ocrx_word' id='word_1_249' title='bbox 618 2639 844 2707; x_wconf 82' lang='lat' dir='ltr'>165·17o:</span> 
     </span>
    </p>
   </div>
   <div class='ocr_carea' id='block_1_7' title="bbox 430 2738 1342 2845">
    <p class='ocr_par' dir='ltr' id='par_1_7' title="bbox 430 2738 1342 2845">
     <span class='ocr_line' id='line_1_32' title="bbox 430 2738 1342 2785; baseline -0.003 -10"><span class='ocrx_word' id='word_1_250' title='bbox 430 2740 507 2775; x_wconf 79' lang='lat' dir='ltr'>Nox</span> <span class='ocrx_word' id='word_1_251' title='bbox 526 2739 584 2774; x_wconf 86' lang='lat' dir='ltr'>ubi</span> <span class='ocrx_word' id='word_1_252' title='bbox 605 2739 801 2783; x_wconf 69' lang='lat' dir='ltr'>transierit,</span> <span class='ocrx_word' id='word_1_253' title='bbox 818 2739 1011 2785; x_wconf 71' lang='lat' dir='ltr'>celumque</span> <span class='ocrx_word' id='word_1_254' title='bbox 1028 2739 1209 2774; x_wconf 67' lang='lat' dir='ltr'>nubem-re</span> <span class='ocrx_word' id='word_1_255' title='bbox 1228 2738 1342 2784; x_wconf 79' lang='lat' dir='ltr'>primo</span> 
     </span>
     <span class='ocr_line' id='line_1_33' title="bbox 496 2797 1263 2845; baseline 0 -11"><span class='ocrx_word' id='word_1_256' title='bbox 496 2797 650 2845; x_wconf 80' lang='lat' dir='ltr'>Coeperit</span> <span class='ocrx_word' id='word_1_257' title='bbox 664 2826 673 2843; x_wconf 92' lang='lat'><em>,</em></span> <span class='ocrx_word' id='word_1_258' title='bbox 694 2807 729 2836; x_wconf 81' lang='lat' dir='ltr'>et</span> <span class='ocrx_word' id='word_1_259' title='bbox 749 2807 846 2836; x_wconf 69' lang='lat' dir='ltr'>tacte</span> <span class='ocrx_word' id='word_1_260' title='bbox 862 2813 938 2835; x_wconf 87' lang='lat' dir='ltr'>rore</span> <span class='ocrx_word' id='word_1_261' title='bbox 959 2805 1150 2845; x_wconf 80' lang='lat' dir='ltr'>querentur</span> <span class='ocrx_word' id='word_1_262' title='bbox 1167 2810 1263 2834; x_wconf 72' lang='lat' dir='ltr'>aves:</span> 
     </span>
    </p>
   </div>
  </div>
 </body>
</html>
