1826 3054
577 174 648 218 IN
682 174 925 219 0v11311
966 176 1259 220 FAsTos.
1539 175 1621 236 47¹

206 266 509 316 dedicatorum
538 265 830 314 anniversaria
858 265 1037 315 Natales
1068 267 1215 314 vocari
1239 266 1385 314 solent
1407 286 1447 314 v.
1472 285 1509 314 c.
1535 266 1628 315 dies

214 349 267 396 15
292 349 425 405 Maii,
445 348 523 396 ubi
544 347 754 414 templum
772 348 998 395 Mercurio
1019 359 1288 395 exstructum
1309 366 1402 396 esse
1425 348 1628 403 tradunt;

208 431 339 479 Ovid.
365 432 420 487 V,
448 429 567 496 669;
598 429 652 477 cf.
678 429 771 477 Liv.
797 430 869 486 II,
901 441 1011 486 XXI,
1045 445 1101 494 27
1123 448 1134 486 ;
1159 429 1206 476 in
1227 428 1400 477 kalend.
1426 430 1480 476 N.
1507 430 1628 478 Mer-

208 514 316 561 curii
339 523 520 560 vocatur
542 523 585 559 et
609 510 826 560 Martialis
848 510 990 558 canit:

452 615 557 651 Maia
576 615 796 650 Mercurium
814 614 953 650 creastis
972 613 1065 650 Idus.

269 704 393 752 Fast.
426 704 548 761 III,
586 703 709 770 849,
739 703 791 751 de
812 701 1093 750 Tubilustrio
1125 714 1168 750 et
1189 702 1373 750 Verrius
1406 713 1449 750 et
1477 701 1630 769 Lydus

203 786 337 852 (pag.
365 785 459 851 85)
483 786 717 835 lectionem
747 784 1040 852 quommdam
1069 785 1197 832 codd.
1225 797 1269 833 et
1290 785 1464 835 Heinsii
1488 784 1630 853 expli-

201 869 416 917 cationem
441 881 588 935 aperte
611 867 849 917 vindicant.
875 867 1065 916 Plurimi
1090 867 1154 915 ibi
1177 866 1358 931 legunt:

375 981 524 1017 Summa
541 981 614 1016 dies
632 995 651 1016 e
668 981 827 1027 quinque
847 981 946 1015 tubas
967 981 1113 1015 lustrare
1134 991 1278 1016 canoras

445 1042 641 1086 Admonet,
658 1050 695 1077 et
712 1042 795 1077 sorti
811 1041 1004 1077 sacrificare
1023 1042 1130 1083 Deae‚·

203 1135 322 1202 quod
342 1135 398 1184 ad
421 1137 668 1185 Minervam
692 1137 952 1186 referebant.
979 1135 1122 1184 Alior.
1147 1134 1381 1184 lectionem
1414 1134 1513 1183 Deo
1540 1134 1628 1199 jam

203 1219 355 1267 Heius.
382 1219 437 1266 ad
459 1220 649 1267 Martem
673 1218 822 1267 referri
847 1218 1001 1266 voluit.
1037 1217 1268 1266 Accedunt
1289 1237 1407 1266 nunc
1431 1217 1520 1264 duo
1542 1229 1629 1266 tes-

205 1300 409 1357 timonia;
439 1300 619 1349 Verrius
645 1321 655 1347 :
678 1301 822 1349 Fen'ae
855 1300 1019 1355 Marli;
1057 1300 1212 1366 Lydus
1249 1320 1259 1348 :
1296 1305 1494 1365 καθαρμὸς
1529 1303 1629 1346 000„-

205 1404 337 1445 πιγγος
356 1420 368 1439 ,
386 1387 491 1445 τιμαὶ
510 1375 644 1449 Ᾰρὲως
659 1388 721 1429 καὶ
737 1383 1056 1448 Νερίνης.-Ῑ)θ
1081 1382 1180 1430 loco
1200 1382 1468 1432 Tubilustrii
1487 1383 1629 1431 Varro

202 1465 498 1515 confirmatur.

263 1549 318 1597 F
311 1559 388 1597 ast.
405 1549 501 1607 IV,
518 1548 626 1611 354.
646 1549 723 1614 (ad
741 1550 782 1597 d.
810 1550 839 1610 4
854 1550 989 1616 Apr.)
1004 1549 1176 1598 Heinsii
1189 1549 1271 1597 viri
1287 1549 1434 1611 magni
1448 1567 1629 1597 acumen

200 1633 246 1680 in
270 1652 316 1681 re
341 1633 531 1696 graviori
560 1633 840 1698 dijudicanda
868 1633 995 1680 novis
1026 1633 1337 1682 accedentibus
1365 1633 1630 1682 testimoniis

200 1715 472 1772 vindicatum
499 1734 652 1764 versus
676 1715 794 1764 enim
820 1713 1035 1762 353-356
1063 1733 1200 1781 quum
1227 1715 1289 1763 ita
1324 1713 1605 1778 legerentur:

376 1826 454 1861 Cur
470 1826 601 1862 vicibus
618 1826 714 1862 sactis
734 1827 855 1862 ineant
871 1827 1028 1863 convivia
1043 1854 1052 1871 ,
1079 1840 1199 1872 quaero

446 1886 542 1919 Tum
556 1887 666 1932 magis
679 1913 689 1929 ,
715 1887 863 1922 indictas
879 1887 1195 1932 concelebrentque
1212 1887 1327 1933 dapes.

382 1942 491 1987 Quod
510 1943 601 1978 bene
617 1948 756 1979 mutan't
768 1944 890 1979 sedem
907 1945 1161 1992 Berecynthia,
1179 1944 1264 1979 dixit
1278 1959 1288 1987 ;

448 2001 602 2049 Captant
617 2010 755 2039 mutatis
768 2005 906 2040 sedibus
923 2018 1030 2040 omen
1047 2005 1142 2040 idem
1155 2018 1164 2046 ;

205 2088 415 2136 Heinsius
427 2107 516 2136 non
528 2087 721 2144 habens,
738 2088 791 2136 ad
809 2088 932 2154 quod
949 2087 1132 2136 referret
1144 2093 1188 2136 τὸ
1204 2088 1390 2144 mutarit,
1418 2100 1464 2136 et
1477 2107 1501 2136 e
1524 2087 1627 2137 Gel-

202 2170 263 2218 lio
285 2172 328 2218 ll
343 2208 355 2227 ,
383 2170 468 2231 24;
492 2182 537 2219 et
558 2171 739 2228 XVIII,
761 2188 809 2228 2,
828 2170 924 2219 haec
947 2171 1145 2219 convivia
1157 2156 1628 2234 nobilium-Megalen-

202 2254 326 2302 sibus
351 2253 471 2302 ludis
492 2253 711 2302 celebrata
733 2253 946 2321 peculiari
969 2265 1012 2302 et
1036 2253 1224 2302 solemni
1248 2254 1430 2302 nomine
1460 2255 1628 2302 mutila-

200 2336 324 2383 tiones
349 2335 497 2384 vocari
518 2335 670 2384 videns
685 2373 698 2393 ‚
722 2336 836 2384 hanc
859 2354 1012 2384 vocem
1036 2336 1357 2394 obscuriorem,
1380 2335 1458 2385 sed
1480 2336 1528 2384 in
1546 2336 1628 2384 hac

201 2438 246 2466 re
256 2417 495 2466 solemnem
506 2437 628 2466 more
647 2438 729 2467 suo
747 2418 835 2466 hoc
848 2418 947 2467 loco
965 2418 1179 2467 Ovidium
1198 2437 1414 2485 exponere
1435 2419 1626 2476 censuit,

203 2511 247 2548 et
270 2519 489 2566 reponens
511 2519 594 2567 pro
614 2510 699 2549 tum
722 2501 851 2567 magis
873 2519 1023 2550 vocem
1045 2500 1218 2548 mutuila
1246 2500 1303 2548 ad
1333 2500 1445 2549 hanc
1473 2500 1627 2549 referri

204 2581 345 2630 voluit
365 2587 415 2630 τὸ
436 2582 612 2631 mutan't.
646 2610 699 2618 —
718 2583 831 2631 Vere
856 2602 955 2631 eum
980 2581 1235 2646 conjecisse,
1267 2581 1546 2631 verisimilius
1577 2582 1628 2630 fit

207 2684 325 2714 novo
357 2666 411 2716 de
440 2686 523 2716 usu
549 2666 683 2731 hujus
714 2665 834 2715 vocis
865 2665 1097 2716 accedente
1130 2665 1397 2715 testimonio.
1443 2665 1626 2714 Verrius
