1826 3054
437 245 845 291 FASTORUM
887 245 1018 288 LIB.
1053 245 1125 287 II.
1446 261 1459 286 ι
1503 249 1506 253 ⁴

1470 243 1507 299 -ξικ

1507 245 1526 288 bd

112 344 332 391 Gentibus
353 352 421 390 est
442 340 539 389 aliis
562 338 693 388 tellus
716 337 818 387 data
838 336 979 386 limite
1001 348 1121 385 certo
1141 356 1152 384 :

176 422 383 468 Romanae
404 417 596 485 spatium
616 427 683 464 est
702 415 829 464 urbis
853 426 897 464 et
919 414 1044 463 orbis
1065 413 1195 462 idem.

111 500 250 546 NUNC
272 495 455 544 dicenda
472 493 582 543 mihi
604 493 722 556 regis
743 492 847 556 suga
866 513 875 540 :
898 492 1030 541 traxit
1052 492 1108 541 ab
1131 490 1206 539 illa
1465 506 1532 539 685

178 576 337 624 Sextus
362 574 418 622 ab
442 585 637 622 extremo
661 571 842 619 nomina
864 588 1013 618 mense
1035 569 1142 618 dies.

114 652 280 700 Ultima
302 649 573 717 Tarquinius
591 651 803 698 Romanae
824 649 967 711 gentis
987 648 1183 696 habebat

178 730 331 792 Regna
344 765 356 782 ,
381 728 449 775 vir
470 728 686 793 injustuS‚
711 726 839 775 fortis
859 726 914 774 ad
936 744 1055 774 arma
1075 737 1232 774 tamen.

115 808 302 872 Ceperat
323 804 398 852 hic
421 803 529 852 alias
543 841 556 861 ,
580 802 687 852 alias
711 814 924 852 everterat
943 803 1105 860 urbes;

179 884 241 930 Et
265 881 435 930 Gabios
458 881 579 947 turpi
599 879 760 929 fecerat
782 892 875 928 arte
899 899 1019 928 suos.

1470 891 1537 938 690

115 960 315 1026 Namque
340 959 473 1006 trium
492 958 727 1016 minimus,
751 956 903 1024 proles
925 955 1156 1006 manifesta
1179 954 1400 1020 Superbi,

117 1100 184 1126 tum
206 1091 269 1125 viae
294 1089 518 1124 Laurentinae
542 1091 687 1133 lapidem
709 1089 794 1124 olim

118 1142 219 1176 fuisse
233 1142 370 1187 imperii
379 1142 517 1175 romani
528 1140 617 1176 fines
627 1147 747 1175 narrat
759 1147 796 1176 et

121 1193 259 1234 Strabo,
275 1193 311 1225 V
321 1219 331 1235 ,
348 1205 381 1237 p.
395 1192 457 1237 357
472 1218 481 1234 ,
496 1191 557 1226 ubi
571 1199 608 1227 et
622 1191 727 1237 hujus
739 1204 797 1226 sa-

121 1243 240 1278 crificii
255 1244 472 1278 mentionem
487 1242 578 1278 facit.
598 1243 669 1277 Sed
685 1256 795 1288 usque

123 1295 165 1329 ad
180 1303 338 1341 tempora
355 1295 503 1340 Augusti
526 1294 714 1340 imperium
728 1307 797 1328 ro—

124 1360 268 1382 manum
277 1347 456 1382 immensis
466 1346 621 1381 auctibus
630 1353 796 1381 creverat.

125 1400 218 1434 Hinc
227 1412 316 1445 saepe
328 1412 391 1445 per
400 1401 510 1433 orbem
516 1405 675 1433 terrarum
682 1398 800 1433 deela-

123 1450 444 1485 rabant-Noster
455 1462 518 1495 pro
526 1450 677 1495 imperio
689 1453 801 1484 urbem

122 1502 294 1543 nominat,
312 1508 352 1536 ut
363 1501 477 1535 verbis
488 1503 580 1535 urbis
590 1507 626 1535 et
640 1504 732 1535 orbis
746 1500 801 1535 lu—

123 1554 231 1588 deret.
246 1553 344 1587 Lusit
359 1553 414 1587 bic
428 1553 534 1587 etiam
551 1552 660 1587 Rutil.
678 1553 801 1588 ltiner.

125 1607 162 1650 1,
179 1607 223 1641 66
235 1633 245 1649 ,
262 1621 279 1635 α
294 1606 433 1641 Urbem
446 1605 555 1641 fecisti
566 1633 576 1649 ‚
595 1605 691 1651 quod
706 1606 801 1651 prins

126 1673 143 1688 ›-
151 1657 242 1692 orbis
251 1665 361 1701 erat,»
370 1671 412 1692 ex
420 1657 504 1691 orbe
510 1664 684 1692 terrarum
693 1669 802 1691 unam

122 1710 296 1744 civitatem
314 1708 438 1753 fecisti,
460 1710 625 1744 omnibns
641 1709 802 1755 gentibus

121 1762 264 1797 civitatis
279 1763 356 1807 jure
377 1762 525 1797 donatis.

164 1814 330 1850 688-852.
341 1813 566 1859 Beffl'fugium.
584 1815 666 1850 Non
683 1815 804 1860 proxi-

124 1879 218 1901 mam
229 1874 365 1901 tantum
372 1866 463 1914 sugae
474 1881 612 1902 causam
623 1869 729 1910 canit,
742 1867 803 1901 sed

126 1919 240 1964 plures
251 1919 435 1965 Tarquinii
453 1933 518 1955 res.
535 1921 605 1955 Hic
623 1921 688 1956 loe.
709 1933 806 1954 non-

128 1970 238 2006 nullas
254 1979 369 2016 partes
378 1971 483 2006 habet
497 1973 587 2007 bene
602 1973 804 2008 elaboratas.

128 2025 301 2063 —Seumn
312 2034 396 2070 ergo
405 2026 448 2068 ²4
457 2024 667 2060 Febr-,Unus
675 2026 806 2061 Hamb.

128 2081 296 2122 septimus.
316 2076 367 2112 Ex
380 2076 531 2112 Kanend.
544 2090 691 2112 romano
704 2079 739 2112 in
752 2078 807 2113 ed.

130 2129 323 2165 Mitscherl.
337 2130 430 2165 VIII
447 2129 625 2166 Katendas
641 2131 807 2174 Martia„

130 2183 337 2217 Petaviusin
349 2182 509 2218 Dissertt.
516 2182 559 2217 ad
573 2182 643 2228 Op.
654 2183 698 2217 de
711 2183 810 2218 Doc-

130 2236 221 2270 trina
229 2236 462 2281 Temporum,
474 2235 520 2278 V,
533 2249 568 2283 9,
579 2236 762 2271 contendit
774 2235 811 2271 il-

130 2287 199 2322 lam
209 2287 326 2333 sugam
336 2288 494 2323 incidisse
505 2288 540 2322 in
549 2288 810 2332 qm'ntumdiem.

132 2339 249 2384 Atque
264 2340 311 2374 ita
327 2353 369 2375 ex
383 2340 622 2385 antiquissimo
638 2340 727 2374 libro
747 2351 812 2373 suo

134 2389 276 2435 Neapol.
288 2391 459 2426 edidit.-—
474 2392 525 2425 Ne
542 2394 587 2425 ab
602 2392 637 2425 in
655 2390 722 2425 hoc
740 2390 813 2424 dis-

134 2442 227 2477 ticho
240 2444 291 2478 bis
310 2451 487 2488 occurrat,
505 2444 673 2479 Heinsius
690 2443 813 2478 suadet

133 2498 169 2528 ιἰι
182 2501 336 2531 extremo.

177 2546 254 2591 687.
273 2547 506 2592 Tarquinium
523 2547 673 2583 Ovidius
691 2555 811 2590 notat,

136 2604 177 2632 ut
190 2597 264 2632 Ην.
278 2599 315 2641 Ι,
332 2600 373 2634 53
388 2613 397 2634 :
415 2615 433 2629 c<
447 2601 540 2642 Nec,
560 2607 598 2634 ut
613 2600 763 2643 injustus
776 2601 812 2634 in

139 2663 156 2678 ιι
175 2663 257 2695 pace
267 2651 393 2693 rex,ita
405 2651 475 2686 dux
483 2652 562 2686 belli
574 2664 699 2696 pravus
708 2651 783 2686 fuit.
796 2667 813 2681 2»

138 2721 181 2729 -
189 2703 259 2737 Pro
270 2706 421 2738 adama
431 2705 596 2743 Heinsius
613 2704 763 2738 malebat
779 2707 816 2738 in

138 2768 242 2788 erma.
259 2754 345 2790 Sine
360 2767 470 2790 cansa.
488 2757 573 2791 Post
589 2756 756 2800 adjectiva
770 2757 821 2789 ad

860 1089 1037 1135 eleganter
1054 1087 1197 1134 ponitur
1210 1099 1292 1132 pro,
1306 1086 1400 1132 quod
1414 1087 1541 1121 attinet

860 1142 914 1177 ad.
926 1161 972 1169 -
983 1140 1189 1177 Secundum
1203 1141 1351 1188 Dionys.
1367 1139 1448 1175 Hal.
1466 1140 1518 1175 IV
1530 1168 1540 1182 ,

862 1194 987 1241 49-53‚
1010 1193 1162 1236 Latinis,
1182 1192 1346 1227 Hernicis
1362 1199 1398 1227 et
1407 1192 1543 1226 volscis

861 1247 899 1280 in
918 1246 1120 1281 societatem
1141 1245 1307 1290 receptis,
1332 1244 1372 1288 vin
1392 1244 1541 1279 Sabinos

862 1297 1052 1332 exercitum
1072 1296 1188 1339 duxit,
1207 1303 1263 1339 et,
1280 1295 1362 1330 inde
1374 1322 1385 1339 ,
1405 1297 1543 1330 vastatis

863 1348 1017 1382 hostium
1031 1349 1119 1393 agris
1130 1373 1140 1390 ,
1152 1348 1189 1381 in
1207 1346 1414 1382 Pometinos
1424 1374 1433 1391 ,
1452 1360 1542 1393 quo—

864 1411 946 1433 rum
962 1399 1087 1433 urbem
1102 1398 1267 1433 Suessam
1281 1399 1315 1432 vi
1330 1399 1422 1444 repit
1432 1426 1441 1442 ,
1454 1400 1545 1444 ejus-

866 1466 934 1498 que
950 1452 1080 1487 incolas
1092 1479 1101 1495 ,
1120 1451 1263 1498 direptis
1280 1451 1398 1495 bonis,
1416 1452 1546 1498 partim

865 1503 1058 1547 interfecit,
1075 1504 1202 1550 partim
1221 1503 1389 1539 militibus
1403 1504 1440 1538 in
1453 1517 1544 1550 prae-

866 1557 947 1591 dam
965 1557 1143 1592 concessit.
1158 1557 1255 1592 Tum
1270 1557 1419 1592 Sabinos
1435 1571 1478 1592 eo
1489 1572 1548 1593 re—

866 1608 1016 1655 degit,ut
1024 1608 1129 1644 urbes
1137 1622 1215 1644 suas
1225 1616 1349 1654 sponte
1363 1609 1547 1644 dederent.

866 1659 1034 1706 Denique
1048 1660 1085 1695 in
1101 1659 1203 1706 agros'
1215 1660 1428 1696 Volscorum
1450 1661 1547 1696 rnul—

868 1719 919 1746 tas
940 1712 1160 1751 excursiones
1178 1711 1269 1747 fecit.
1286 1712 1375 1747 Haec
1396 1711 1546 1747 Ovidius

868 1764 915 1798 sic
927 1764 1183 1810 complectitur,
1199 1766 1445 1809 Cepemtalias,
1456 1768 1548 1799 alias

868 1823 1029 1851 evenerat
1039 1820 1147 1858 urbes,
1155 1818 1190 1851 in
1207 1817 1332 1862 quibus
1339 1826 1479 1853 evertere
1488 1831 1551 1852 ur-

871 1881 953 1914 gere
970 1869 1080 1903 nolim
1094 1895 1103 1911 ,
1119 1870 1312 1914 praesertim
1330 1883 1450 1915 quum.
1467 1870 1501 1904 h.
1518 1885 1551 1903 ν.

872 1929 910 1956 nt
924 1934 1075 1967 graecum
1086 1925 1361 1970 καταστρέφεσθαι,
1378 1923 1483 1957 etiam
1500 1923 1554 1958 la-

871 1974 961 2008 tiore
972 1978 1076 2008 sensu
1088 1973 1233 2009 dicatur.
1244 1973 1342 2009 MSS
1354 1974 1466 2020 Naug.
1486 1974 1554 2009 Er-

870 2025 960 2060 ford.
984 2033 1019 2060 et
1035 2038 1126 2060 nnus
1144 2026 1257 2061 Vatic.
1270 2031 1444 2066 averterat,
1457 2027 1551 2072 quod

874 2078 1042 2113 Heinsius
1051 2078 1105 2112 vel
1113 2077 1221 2113 surari
1232 2105 1242 2121 ,
1255 2077 1351 2112 furto
1362 2091 1530 2125 occupare
1542 2107 1551 2121 ,

874 2132 927 2165 vel
941 2144 1075 2166 aversas
1090 2131 1152 2166 sibi
1167 2130 1317 2166 reddere
1334 2132 1551 2178 interpreta-

874 2184 987 2218 batur.
1000 2202 1045 2210 —
1061 2184 1183 2231 Regii,
1201 2191 1369 2219 everterat.
1388 2184 1455 2220 Ed.

918 2236 995 2282 590.
1013 2238 1135 2276 Gabii,
1153 2237 1235 2270 urbs
1253 2236 1367 2271 Latini
1383 2237 1553 2277 nominis,

877 2286 1095 2321 Albanorum
1107 2287 1255 2331 colonia,
1266 2288 1308 2322 ab
1316 2288 1402 2322 urbe
1410 2295 1554 2322 centum

876 2338 984 2373 stadia
995 2337 1138 2382 distans,
1155 2340 1199 2374 de
1212 2340 1311 2383 cujus
1324 2338 1555 2384 amplitudine

878 2389 1025 2436 Dionys.
1038 2389 1112 2432 IV,
1130 2389 1299 2433 53.Eam‚
1315 2389 1553 2435 nequidquam

877 2442 910 2475 vi
928 2441 1082 2483 adornas,
1094 2453 1205 2486 quum
1216 2441 1396 2476 obsidendi
1414 2454 1554 2488 quoque

877 2507 954 2539 spes
970 2493 1108 2527 ademta
1122 2501 1211 2528 esset
1227 2508 1243 2522 σι
1256 2501 1433 2539 postremo
1450 2493 1557 2528 mini·

880 2561 898 2575 »
916 2558 972 2579 me
989 2553 1061 2580 arte
1077 2558 1240 2588 romana,
1259 2545 1381 2580 fraude
1397 2559 1437 2581 ac
1458 2545 1554 2589 dolo,

881 2613 898 2627 ›-
916 2611 1092 2643 aggressus
1109 2605 1170 2632 est.
1188 2612 1205 2626 »
1219 2597 1291 2632 Liv.
1304 2598 1339 2641 I,
1355 2598 1407 2633 53.
1420 2616 1464 2624 ——
1482 2599 1556 2632 ,Μί-

878 2655 988 2685 nimus
999 2678 1006 2687 .
1025 2651 1149 2685 Sextus
1160 2651 1265 2696 Tarq.
1280 2651 1427 2698 Dionys.
1441 2652 1558 2686 maxi-

879 2715 979 2736 mum
994 2703 1461 2747 vocat.—·Prolesn1amfcsla,
1478 2716 1558 2737 mo-

879 2755 974 2789 ribus
990 2755 1094 2800 patris
1108 2755 1372 2791 simssitudiuem
1391 2755 1557 2791 reserens.
