<?xml version="1.0" encoding="UTF-8"?>
<!DOCTYPE html PUBLIC "-//W3C//DTD XHTML 1.0 Transitional//EN"
    "http://www.w3.org/TR/xhtml1/DTD/xhtml1-transitional.dtd">
<html xmlns="http://www.w3.org/1999/xhtml" xml:lang="en" lang="en">
 <head>
  <title>
</title>
<meta http-equiv="Content-Type" content="text/html;charset=utf-8" />
  <meta name='ocr-system' content='tesseract 3.04.00' />
  <meta name='ocr-capabilities' content='ocr_page ocr_carea ocr_par ocr_line ocrx_word'/>
</head>
<body>
  <div class='ocr_page' id='page_1' title='image "./quaeextantomniao06oviduoft_0173.png"; bbox 0 0 1826 3054; ppageno 0'>
   <div class='ocr_carea' id='block_1_1' title="bbox 821 180 1560 197">
    <p class='ocr_par' dir='ltr' id='par_1_1' title="bbox 821 180 1560 197">
     <span class='ocr_line' id='line_1_1' title="bbox 821 180 1560 197; baseline 0.003 -2"><span class='ocrx_word' id='word_1_1' title='bbox 821 180 1190 196; x_wconf 62' lang='lat' dir='ltr'>mm</span> <span class='ocrx_word' id='word_1_2' title='bbox 1195 182 1560 197; x_wconf 47' lang='lat' dir='ltr'>mmmmsm</span> 
     </span>
    </p>
   </div>
   <div class='ocr_carea' id='block_1_2' title="bbox 218 307 1470 548">
    <p class='ocr_par' dir='ltr' id='par_1_2' title="bbox 218 307 1470 548">
     <span class='ocr_line' id='line_1_2' title="bbox 218 307 1470 379; baseline 0 -1"><span class='ocrx_word' id='word_1_3' title='bbox 218 307 564 379; x_wconf 90' lang='lat' dir='ltr'>PUBLII</span> <span class='ocrx_word' id='word_1_4' title='bbox 625 307 970 377; x_wconf 91' lang='lat' dir='ltr'>OVIDII</span> <span class='ocrx_word' id='word_1_5' title='bbox 1035 309 1470 378; x_wconf 88' lang='lat' dir='ltr'><strong>NASONIS</strong></span> 
     </span>
     <span class='ocr_line' id='line_1_3' title="bbox 499 441 1166 548; baseline -0.003 0"><span class='ocrx_word' id='word_1_6' title='bbox 499 441 1166 548; x_wconf 75' lang='lat' dir='ltr'>PASTORUM</span> 
     </span>
    </p>
   </div>
   <div class='ocr_carea' id='block_1_3' title="bbox 458 633 1266 690">
    <p class='ocr_par' dir='ltr' id='par_1_3' title="bbox 458 633 1266 690">
     <span class='ocr_line' id='line_1_4' title="bbox 458 633 1266 690; baseline -0.002 0"><span class='ocrx_word' id='word_1_7' title='bbox 458 635 749 690; x_wconf 91' lang='lat' dir='ltr'>LIBER</span> <span class='ocrx_word' id='word_1_8' title='bbox 823 633 1266 689; x_wconf 90' lang='lat' dir='ltr'><strong>TERTIUS.</strong></span> 
     </span>
    </p>
   </div>
   <div class='ocr_carea' id='block_1_4' title="bbox 141 956 1562 1662">
    <p class='ocr_par' dir='ltr' id='par_1_4' title="bbox 141 956 1562 1662">
     <span class='ocr_line' id='line_1_5' title="bbox 144 956 1333 1043; baseline 0.002 -20"><span class='ocrx_word' id='word_1_9' title='bbox 144 956 431 1033; x_wconf 84' lang='lat' dir='ltr'><strong>BELLICE‚</strong></span> <span class='ocrx_word' id='word_1_10' title='bbox 459 975 671 1042; x_wconf 85' lang='lat' dir='ltr'>depositis</span> <span class='ocrx_word' id='word_1_11' title='bbox 694 975 848 1043; x_wconf 85' lang='lat' dir='ltr'>clypeo</span> <span class='ocrx_word' id='word_1_12' title='bbox 870 975 1095 1043; x_wconf 86' lang='lat' dir='ltr'>paulisper</span> <span class='ocrx_word' id='word_1_13' title='bbox 1116 989 1159 1025; x_wconf 90' lang='lat' dir='ltr'>et</span> <span class='ocrx_word' id='word_1_14' title='bbox 1181 976 1306 1025; x_wconf 88' lang='lat' dir='ltr'>hasta</span> <span class='ocrx_word' id='word_1_15' title='bbox 1321 1015 1333 1034; x_wconf 91' lang='lat'>‚</span> 
     </span>
     <span class='ocr_line' id='line_1_6' title="bbox 207 1053 1269 1111; baseline 0.002 -11"><span class='ocrx_word' id='word_1_16' title='bbox 207 1053 352 1111; x_wconf 86' lang='lat' dir='ltr'>Mars,</span> <span class='ocrx_word' id='word_1_17' title='bbox 372 1053 500 1110; x_wconf 87' lang='lat' dir='ltr'>ades;</span> <span class='ocrx_word' id='word_1_18' title='bbox 526 1065 569 1102; x_wconf 83' lang='lat' dir='ltr'>et</span> <span class='ocrx_word' id='word_1_19' title='bbox 592 1053 755 1102; x_wconf 81' lang='lat' dir='ltr'>nitidas</span> <span class='ocrx_word' id='word_1_20' title='bbox 780 1054 945 1103; x_wconf 86' lang='lat' dir='ltr'>casside</span> <span class='ocrx_word' id='word_1_21' title='bbox 968 1053 1087 1103; x_wconf 90' lang='lat' dir='ltr'>solve</span> <span class='ocrx_word' id='word_1_22' title='bbox 1111 1073 1269 1103; x_wconf 85' lang='lat' dir='ltr'>comas.</span> 
     </span>
     <span class='ocr_line' id='line_1_7' title="bbox 144 1130 1334 1198; baseline 0.003 -22"><span class='ocrx_word' id='word_1_23' title='bbox 144 1130 347 1177; x_wconf 80' lang='lat' dir='ltr'>Forsitan</span> <span class='ocrx_word' id='word_1_24' title='bbox 368 1131 463 1196; x_wconf 90' lang='lat' dir='ltr'>ipse</span> <span class='ocrx_word' id='word_1_25' title='bbox 485 1149 613 1193; x_wconf 86' lang='lat' dir='ltr'>roges</span> <span class='ocrx_word' id='word_1_26' title='bbox 627 1168 639 1188; x_wconf 86' lang='lat'>‚</span> <span class='ocrx_word' id='word_1_27' title='bbox 666 1131 774 1197; x_wconf 89' lang='lat' dir='ltr'>quid</span> <span class='ocrx_word' id='word_1_28' title='bbox 793 1132 852 1180; x_wconf 85' lang='lat' dir='ltr'>sit</span> <span class='ocrx_word' id='word_1_29' title='bbox 875 1151 973 1179; x_wconf 91' lang='lat' dir='ltr'>cum</span> <span class='ocrx_word' id='word_1_30' title='bbox 996 1133 1139 1180; x_wconf 86' lang='lat' dir='ltr'>Marte</span> <span class='ocrx_word' id='word_1_31' title='bbox 1163 1144 1305 1198; x_wconf 83' lang='lat' dir='ltr'>poetae</span> <span class='ocrx_word' id='word_1_32' title='bbox 1325 1151 1334 1179; x_wconf 92' lang='lat'>:</span> 
     </span>
     <span class='ocr_line' id='line_1_8' title="bbox 209 1207 1224 1273; baseline 0.004 -19"><span class='ocrx_word' id='word_1_33' title='bbox 209 1208 250 1253; x_wconf 89' lang='lat' dir='ltr'>A</span> <span class='ocrx_word' id='word_1_34' title='bbox 275 1219 315 1255; x_wconf 85' lang='lat' dir='ltr'>te</span> <span class='ocrx_word' id='word_1_35' title='bbox 330 1245 342 1265; x_wconf 84' lang='lat'><em>‚</em></span> <span class='ocrx_word' id='word_1_36' title='bbox 365 1207 441 1273; x_wconf 90' lang='lat' dir='ltr'>qui</span> <span class='ocrx_word' id='word_1_37' title='bbox 465 1208 661 1266; x_wconf 87' lang='lat' dir='ltr'>canitur,</span> <span class='ocrx_word' id='word_1_38' title='bbox 686 1209 868 1257; x_wconf 87' lang='lat' dir='ltr'>nomina</span> <span class='ocrx_word' id='word_1_39' title='bbox 889 1210 1051 1258; x_wconf 86' lang='lat' dir='ltr'>mensis</span> <span class='ocrx_word' id='word_1_40' title='bbox 1074 1210 1224 1258; x_wconf 85' lang='lat' dir='ltr'>habet.</span> 
     </span>
     <span class='ocr_line' id='line_1_9' title="bbox 145 1284 1562 1352; baseline 0.004 -23"><span class='ocrx_word' id='word_1_41' title='bbox 145 1284 245 1348; x_wconf 90' lang='lat' dir='ltr'>Ipse</span> <span class='ocrx_word' id='word_1_42' title='bbox 267 1284 387 1332; x_wconf 88' lang='lat' dir='ltr'>vides</span> <span class='ocrx_word' id='word_1_43' title='bbox 409 1285 614 1333; x_wconf 88' lang='lat' dir='ltr'>manibus</span> <span class='ocrx_word' id='word_1_44' title='bbox 637 1286 786 1352; x_wconf 84' lang='lat' dir='ltr'>peragi</span> <span class='ocrx_word' id='word_1_45' title='bbox 810 1286 900 1335; x_wconf 88' lang='lat' dir='ltr'>fera</span> <span class='ocrx_word' id='word_1_46' title='bbox 923 1286 1039 1335; x_wconf 82' lang='lat' dir='ltr'>bella</span> <span class='ocrx_word' id='word_1_47' title='bbox 1062 1287 1298 1336; x_wconf 86' lang='lat' dir='ltr'>Minervae:</span> <span class='ocrx_word' id='word_1_48' title='bbox 1542 1296 1562 1328; x_wconf 74' lang='grc' dir='ltr'>Γ»</span> 
     </span>
     <span class='ocr_line' id='line_1_10' title="bbox 208 1360 1188 1425; baseline 0.006 -17"><span class='ocrx_word' id='word_1_49' title='bbox 208 1360 324 1408; x_wconf 91' lang='lat' dir='ltr'>Num</span> <span class='ocrx_word' id='word_1_50' title='bbox 346 1362 492 1410; x_wconf 90' lang='lat' dir='ltr'>minus</span> <span class='ocrx_word' id='word_1_51' title='bbox 516 1363 719 1425; x_wconf 85' lang='lat' dir='ltr'>ingenuis</span> <span class='ocrx_word' id='word_1_52' title='bbox 739 1364 910 1413; x_wconf 88' lang='lat' dir='ltr'>artibus</span> <span class='ocrx_word' id='word_1_53' title='bbox 933 1363 1008 1413; x_wconf 85' lang='lat' dir='ltr'>illa</span> <span class='ocrx_word' id='word_1_54' title='bbox 1030 1367 1188 1414; x_wconf 82' lang='lat' dir='ltr'>vacat?</span> 
     </span>
     <span class='ocr_line' id='line_1_11' title="bbox 145 1436 1184 1509; baseline 0.008 -25"><span class='ocrx_word' id='word_1_55' title='bbox 145 1436 334 1486; x_wconf 84' lang='lat' dir='ltr'>Palladis</span> <span class='ocrx_word' id='word_1_56' title='bbox 357 1439 576 1506; x_wconf 81' lang='lat' dir='ltr'>exemplo,</span> <span class='ocrx_word' id='word_1_57' title='bbox 602 1441 817 1507; x_wconf 85' lang='lat' dir='ltr'>ponendae</span> <span class='ocrx_word' id='word_1_58' title='bbox 839 1454 1040 1509; x_wconf 85' lang='lat' dir='ltr'>tempora</span> <span class='ocrx_word' id='word_1_59' title='bbox 1061 1461 1184 1491; x_wconf 90' lang='lat' dir='ltr'>sume</span> 
     </span>
     <span class='ocr_line' id='line_1_12' title="bbox 210 1515 1217 1585; baseline 0.006 -23"><span class='ocrx_word' id='word_1_60' title='bbox 210 1515 417 1582; x_wconf 87' lang='lat' dir='ltr'>Cuspidis</span> <span class='ocrx_word' id='word_1_61' title='bbox 438 1537 448 1564; x_wconf 89' lang='lat'>:</span> <span class='ocrx_word' id='word_1_62' title='bbox 472 1517 664 1566; x_wconf 85' lang='lat' dir='ltr'>invenies</span> <span class='ocrx_word' id='word_1_63' title='bbox 689 1530 733 1566; x_wconf 87' lang='lat' dir='ltr'>et</span> <span class='ocrx_word' id='word_1_64' title='bbox 756 1519 878 1585; x_wconf 90' lang='lat' dir='ltr'>quod</span> <span class='ocrx_word' id='word_1_65' title='bbox 901 1520 1081 1568; x_wconf 87' lang='lat' dir='ltr'>inermis</span> <span class='ocrx_word' id='word_1_66' title='bbox 1102 1539 1217 1582; x_wconf 87' lang='lat' dir='ltr'>agas.</span> 
     </span>
     <span class='ocr_line' id='line_1_13' title="bbox 141 1591 1485 1662; baseline 0.004 -25"><span class='ocrx_word' id='word_1_67' title='bbox 141 1591 254 1638; x_wconf 85' lang='lat' dir='ltr'>Tum</span> <span class='ocrx_word' id='word_1_68' title='bbox 281 1611 458 1660; x_wconf 90' lang='lat' dir='ltr'>quoque</span> <span class='ocrx_word' id='word_1_69' title='bbox 482 1594 661 1643; x_wconf 88' lang='lat' dir='ltr'>inermis</span> <span class='ocrx_word' id='word_1_70' title='bbox 686 1615 779 1644; x_wconf 88' lang='lat' dir='ltr'>eras</span> <span class='ocrx_word' id='word_1_71' title='bbox 795 1634 807 1655; x_wconf 87' lang='lat'><strong>,</strong></span> <span class='ocrx_word' id='word_1_72' title='bbox 833 1616 971 1662; x_wconf 92' lang='lat' dir='ltr'>quum</span> <span class='ocrx_word' id='word_1_73' title='bbox 994 1608 1036 1644; x_wconf 87' lang='lat' dir='ltr'>te</span> <span class='ocrx_word' id='word_1_74' title='bbox 1058 1599 1261 1645; x_wconf 89' lang='lat' dir='ltr'>Romana</span> <span class='ocrx_word' id='word_1_75' title='bbox 1282 1595 1485 1644; x_wconf 87' lang='lat' dir='ltr'>sacerdos</span> 
     </span>
    </p>
   </div>
   <div class='ocr_carea' id='block_1_5' title="bbox 138 1703 817 2736">
    <p class='ocr_par' dir='ltr' id='par_1_5' title="bbox 138 1703 817 2736">
     <span class='ocr_line' id='line_1_14' title="bbox 187 1703 815 1751; baseline 0.011 -16"><span class='ocrx_word' id='word_1_76' title='bbox 187 1703 261 1736; x_wconf 84' lang='lat'>1—8.</span> <span class='ocrx_word' id='word_1_77' title='bbox 283 1704 407 1740; x_wconf 82' lang='lat' dir='ltr'>Martis</span> <span class='ocrx_word' id='word_1_78' title='bbox 421 1709 599 1742; x_wconf 75' lang='lat' dir='ltr'>invocatio.</span> <span class='ocrx_word' id='word_1_79' title='bbox 617 1707 670 1742; x_wconf 89' lang='lat' dir='ltr'>Ut</span> <span class='ocrx_word' id='word_1_80' title='bbox 682 1706 760 1741; x_wconf 84' lang='lat' dir='ltr'>libri</span> <span class='ocrx_word' id='word_1_81' title='bbox 776 1707 794 1741; x_wconf 93' lang='grc' dir='ltr'>Ῑ</span> <span class='ocrx_word' id='word_1_82' title='bbox 806 1734 815 1751; x_wconf 91' lang='grc'><strong><em>,</em></strong></span> 
     </span>
     <span class='ocr_line' id='line_1_15' title="bbox 140 1754 817 1793; baseline 0.009 -6"><span class='ocrx_word' id='word_1_83' title='bbox 140 1760 175 1787; x_wconf 68' lang='lat' dir='ltr'>vt</span> <span class='ocrx_word' id='word_1_84' title='bbox 187 1754 239 1788; x_wconf 91' lang='lat' dir='ltr'>IV</span> <span class='ocrx_word' id='word_1_85' title='bbox 252 1755 350 1790; x_wconf 83' lang='lat' dir='ltr'>initia</span> <span class='ocrx_word' id='word_1_86' title='bbox 361 1757 444 1792; x_wconf 86' lang='lat' dir='ltr'>Jani</span> <span class='ocrx_word' id='word_1_87' title='bbox 456 1764 491 1792; x_wconf 86' lang='lat' dir='ltr'>et</span> <span class='ocrx_word' id='word_1_88' title='bbox 499 1758 648 1793; x_wconf 86' lang='lat' dir='ltr'>Veneris</span> <span class='ocrx_word' id='word_1_89' title='bbox 660 1758 817 1793; x_wconf 87' lang='lat' dir='ltr'>laudibus</span> 
     </span>
     <span class='ocr_line' id='line_1_16' title="bbox 140 1805 817 1853; baseline 0.01 -15"><span class='ocrx_word' id='word_1_90' title='bbox 140 1805 254 1847; x_wconf 80' lang='lat' dir='ltr'>dedit,</span> <span class='ocrx_word' id='word_1_91' title='bbox 273 1808 319 1842; x_wconf 90' lang='lat' dir='ltr'>sic</span> <span class='ocrx_word' id='word_1_92' title='bbox 334 1822 429 1844; x_wconf 88' lang='lat' dir='ltr'>nunc</span> <span class='ocrx_word' id='word_1_93' title='bbox 442 1836 451 1853; x_wconf 91' lang='lat'><strong><em>‚</em></strong></span> <span class='ocrx_word' id='word_1_94' title='bbox 470 1810 642 1845; x_wconf 88' lang='lat' dir='ltr'>Martium</span> <span class='ocrx_word' id='word_1_95' title='bbox 657 1823 817 1845; x_wconf 87' lang='lat' dir='ltr'>mensem</span> 
     </span>
     <span class='ocr_line' id='line_1_17' title="bbox 139 1857 816 1908; baseline 0.01 -18"><span class='ocrx_word' id='word_1_96' title='bbox 139 1857 332 1895; x_wconf 86' lang='lat' dir='ltr'>describere</span> <span class='ocrx_word' id='word_1_97' title='bbox 342 1862 545 1906; x_wconf 86' lang='lat' dir='ltr'>aggrediens</span> <span class='ocrx_word' id='word_1_98' title='bbox 556 1889 565 1906; x_wconf 88' lang='lat'>,</span> <span class='ocrx_word' id='word_1_99' title='bbox 578 1864 723 1898; x_wconf 81' lang='lat' dir='ltr'>Martem</span> <span class='ocrx_word' id='word_1_100' title='bbox 732 1891 740 1903; x_wconf 90' lang='lat'><em>,</em></span> <span class='ocrx_word' id='word_1_101' title='bbox 756 1864 816 1908; x_wconf 89' lang='lat' dir='ltr'>qui</span> 
     </span>
     <span class='ocr_line' id='line_1_18' title="bbox 141 1910 813 1961; baseline 0.013 -19"><span class='ocrx_word' id='word_1_102' title='bbox 141 1910 247 1944; x_wconf 84' lang='lat' dir='ltr'>modo</span> <span class='ocrx_word' id='word_1_103' title='bbox 264 1911 451 1948; x_wconf 78' lang='lat' dir='ltr'>advenerat</span> <span class='ocrx_word' id='word_1_104' title='bbox 466 1915 502 1949; x_wconf 91' lang='lat'>11</span> <span class='ocrx_word' id='word_1_105' title='bbox 515 1941 525 1958; x_wconf 89' lang='lat'>,</span> <span class='ocrx_word' id='word_1_106' title='bbox 547 1916 607 1950; x_wconf 77' lang='lat'>861</span> <span class='ocrx_word' id='word_1_107' title='bbox 623 1942 632 1958; x_wconf 92' lang='lat'>‚</span> <span class='ocrx_word' id='word_1_108' title='bbox 647 1916 813 1961; x_wconf 84' lang='lat' dir='ltr'>appellat,</span> 
     </span>
     <span class='ocr_line' id='line_1_19' title="bbox 140 1964 813 2011; baseline 0.012 -17"><span class='ocrx_word' id='word_1_109' title='bbox 140 1974 350 2008; x_wconf 84' lang='lat' dir='ltr'>quamquam</span> <span class='ocrx_word' id='word_1_110' title='bbox 367 1964 485 1999; x_wconf 88' lang='lat' dir='ltr'>Deum</span> <span class='ocrx_word' id='word_1_111' title='bbox 506 1967 615 2011; x_wconf 84' lang='lat' dir='ltr'>poetis</span> <span class='ocrx_word' id='word_1_112' title='bbox 637 1967 790 2001; x_wconf 88' lang='lat' dir='ltr'>alienum</span> <span class='ocrx_word' id='word_1_113' title='bbox 803 1993 813 2010; x_wconf 90' lang='lat'>‚</span> 
     </span>
     <span class='ocr_line' id='line_1_20' title="bbox 139 2016 816 2060; baseline 0.007 -13"><span class='ocrx_word' id='word_1_114' title='bbox 139 2016 397 2060; x_wconf 84' lang='lat' dir='ltr'>comparatione</span> <span class='ocrx_word' id='word_1_115' title='bbox 423 2030 504 2052; x_wconf 89' lang='lat' dir='ltr'>cum</span> <span class='ocrx_word' id='word_1_116' title='bbox 530 2018 683 2052; x_wconf 62' lang='lat' dir='ltr'>Minerva</span> <span class='ocrx_word' id='word_1_117' title='bbox 709 2031 816 2052; x_wconf 91' lang='lat' dir='ltr'>com—</span> 
     </span>
     <span class='ocr_line' id='line_1_21' title="bbox 139 2064 817 2113; baseline 0.007 -15"><span class='ocrx_word' id='word_1_118' title='bbox 139 2064 243 2099; x_wconf 86' lang='lat' dir='ltr'>mode</span> <span class='ocrx_word' id='word_1_119' title='bbox 260 2066 358 2101; x_wconf 86' lang='lat' dir='ltr'>sacta.</span> <span class='ocrx_word' id='word_1_120' title='bbox 375 2086 418 2093; x_wconf 91' lang='lat'>—-</span> <span class='ocrx_word' id='word_1_121' title='bbox 435 2068 533 2103; x_wconf 82' lang='lat' dir='ltr'>Pacis</span> <span class='ocrx_word' id='word_1_122' title='bbox 548 2081 634 2113; x_wconf 83' lang='lat' dir='ltr'>opus</span> <span class='ocrx_word' id='word_1_123' title='bbox 655 2069 817 2104; x_wconf 79' lang='lat' dir='ltr'>tractanti</span> 
     </span>
     <span class='ocr_line' id='line_1_22' title="bbox 139 2117 816 2163; baseline 0.006 -14"><span class='ocrx_word' id='word_1_124' title='bbox 139 2117 223 2150; x_wconf 85' lang='lat' dir='ltr'>dum</span> <span class='ocrx_word' id='word_1_125' title='bbox 240 2117 337 2152; x_wconf 84' lang='lat' dir='ltr'>Mars</span> <span class='ocrx_word' id='word_1_126' title='bbox 353 2117 450 2153; x_wconf 80' lang='lat' dir='ltr'>adest</span> <span class='ocrx_word' id='word_1_127' title='bbox 464 2145 473 2162; x_wconf 87' lang='lat'>,</span> <span class='ocrx_word' id='word_1_128' title='bbox 498 2126 537 2153; x_wconf 87' lang='lat' dir='ltr'>ut</span> <span class='ocrx_word' id='word_1_129' title='bbox 559 2122 703 2163; x_wconf 71' lang='lat' dir='ltr'>deponat</span> <span class='ocrx_word' id='word_1_130' title='bbox 719 2132 816 2154; x_wconf 85' lang='lat' dir='ltr'>arma</span> 
     </span>
     <span class='ocr_line' id='line_1_23' title="bbox 138 2170 817 2217; baseline 0.004 -14"><span class='ocrx_word' id='word_1_131' title='bbox 138 2176 280 2213; x_wconf 77' lang='lat' dir='ltr'>rogatur</span> <span class='ocrx_word' id='word_1_132' title='bbox 290 2195 299 2212; x_wconf 85' lang='lat'>,</span> <span class='ocrx_word' id='word_1_133' title='bbox 315 2170 407 2214; x_wconf 85' lang='lat' dir='ltr'>quod</span> <span class='ocrx_word' id='word_1_134' title='bbox 425 2170 518 2205; x_wconf 84' lang='lat' dir='ltr'>idem</span> <span class='ocrx_word' id='word_1_135' title='bbox 533 2178 568 2205; x_wconf 88' lang='lat' dir='ltr'>et</span> <span class='ocrx_word' id='word_1_136' title='bbox 582 2171 817 2217; x_wconf 71' lang='lat' dir='ltr'>respirationis</span> 
     </span>
     <span class='ocr_line' id='line_1_24' title="bbox 138 2221 815 2265; baseline 0.004 -12"><span class='ocrx_word' id='word_1_137' title='bbox 138 2232 237 2254; x_wconf 75' lang='lat' dir='ltr'>causa</span> <span class='ocrx_word' id='word_1_138' title='bbox 254 2221 351 2262; x_wconf 62' lang='lat' dir='ltr'>facin</span> <span class='ocrx_word' id='word_1_139' title='bbox 370 2221 500 2257; x_wconf 78' lang='lat' dir='ltr'>Statius</span> <span class='ocrx_word' id='word_1_140' title='bbox 514 2223 625 2257; x_wconf 88' lang='lat' dir='ltr'>Theb.</span> <span class='ocrx_word' id='word_1_141' title='bbox 647 2223 717 2257; x_wconf 88' lang='lat' dir='ltr'>Vll</span> <span class='ocrx_word' id='word_1_142' title='bbox 731 2249 740 2265; x_wconf 88' lang='lat'>‚</span> <span class='ocrx_word' id='word_1_143' title='bbox 767 2236 815 2257; x_wconf 87' lang='lat'>10.</span> 
     </span>
     <span class='ocr_line' id='line_1_25' title="bbox 142 2271 815 2320; baseline 0.004 -14"><span class='ocrx_word' id='word_1_144' title='bbox 142 2271 276 2307; x_wconf 86' lang='lat' dir='ltr'>Confer</span> <span class='ocrx_word' id='word_1_145' title='bbox 288 2274 378 2308; x_wconf 80' lang='lat' dir='ltr'>infra</span> <span class='ocrx_word' id='word_1_146' title='bbox 391 2288 477 2309; x_wconf 81' lang='lat' dir='ltr'>vers.</span> <span class='ocrx_word' id='word_1_147' title='bbox 497 2288 553 2319; x_wconf 87' lang='lat'>¹7¹</span> <span class='ocrx_word' id='word_1_148' title='bbox 570 2301 579 2317; x_wconf 94' lang='lat'><em>,</em></span> <span class='ocrx_word' id='word_1_149' title='bbox 594 2275 653 2309; x_wconf 89' lang='lat' dir='ltr'>ubi</span> <span class='ocrx_word' id='word_1_150' title='bbox 666 2288 706 2309; x_wconf 84' lang='lat' dir='ltr'>ex</span> <span class='ocrx_word' id='word_1_151' title='bbox 717 2282 815 2320; x_wconf 86' lang='lat' dir='ltr'>parte</span> 
     </span>
     <span class='ocr_line' id='line_1_26' title="bbox 138 2327 816 2373; baseline 0.006 -15"><span class='ocrx_word' id='word_1_152' title='bbox 138 2332 236 2369; x_wconf 84' lang='lat' dir='ltr'>paret</span> <span class='ocrx_word' id='word_1_153' title='bbox 248 2327 405 2371; x_wconf 86' lang='lat' dir='ltr'>precibus</span> <span class='ocrx_word' id='word_1_154' title='bbox 414 2329 729 2372; x_wconf 79' lang='lat' dir='ltr'>poetae.—N1&#39;tidas,</span> <span class='ocrx_word' id='word_1_155' title='bbox 744 2328 816 2373; x_wconf 85' lang='lat' dir='ltr'>pul-</span> 
     </span>
     <span class='ocr_line' id='line_1_27' title="bbox 139 2377 814 2421; baseline 0.006 -11"><span class='ocrx_word' id='word_1_156' title='bbox 139 2377 258 2421; x_wconf 84' lang='lat' dir='ltr'>chras,</span> <span class='ocrx_word' id='word_1_157' title='bbox 279 2391 375 2414; x_wconf 89' lang='lat' dir='ltr'>nunc</span> <span class='ocrx_word' id='word_1_158' title='bbox 400 2386 538 2414; x_wconf 83' lang='lat' dir='ltr'>tantum</span> <span class='ocrx_word' id='word_1_159' title='bbox 562 2386 675 2413; x_wconf 84' lang='lat' dir='ltr'>ornat.</span> <span class='ocrx_word' id='word_1_160' title='bbox 697 2379 814 2414; x_wconf 81' lang='lat' dir='ltr'>Etiam</span> 
     </span>
     <span class='ocr_line' id='line_1_28' title="bbox 139 2429 815 2466; baseline 0.006 -4"><span class='ocrx_word' id='word_1_161' title='bbox 139 2429 319 2465; x_wconf 80' lang='lat' dir='ltr'>Homerus</span> <span class='ocrx_word' id='word_1_162' title='bbox 333 2431 494 2466; x_wconf 84' lang='lat' dir='ltr'>heroibus</span> <span class='ocrx_word' id='word_1_163' title='bbox 506 2431 574 2466; x_wconf 81' lang='lat' dir='ltr'>suis</span> <span class='ocrx_word' id='word_1_164' title='bbox 586 2431 645 2465; x_wconf 86' lang='lat' dir='ltr'>dat</span> <span class='ocrx_word' id='word_1_165' title='bbox 656 2432 815 2466; x_wconf 89' lang='lat' dir='ltr'>membra</span> 
     </span>
     <span class='ocr_line' id='line_1_29' title="bbox 140 2484 814 2531; baseline 0.007 -17"><span class='ocrx_word' id='word_1_166' title='bbox 140 2485 259 2531; x_wconf 65' lang='grc' dir='ltr'>λιπαρὰ.</span> <span class='ocrx_word' id='word_1_167' title='bbox 270 2501 313 2510; x_wconf 90' lang='lat'>--</span> <span class='ocrx_word' id='word_1_168' title='bbox 327 2486 362 2518; x_wconf 89' lang='lat' dir='ltr'><em>A</em></span> <span class='ocrx_word' id='word_1_169' title='bbox 375 2492 408 2518; x_wconf 84' lang='lat' dir='ltr'>tc</span> <span class='ocrx_word' id='word_1_170' title='bbox 422 2492 486 2519; x_wconf 86' lang='lat' dir='ltr'>etc.</span> <span class='ocrx_word' id='word_1_171' title='bbox 502 2497 575 2519; x_wconf 89' lang='lat' dir='ltr'>non</span> <span class='ocrx_word' id='word_1_172' title='bbox 591 2484 693 2519; x_wconf 84' lang='lat' dir='ltr'>docet</span> <span class='ocrx_word' id='word_1_173' title='bbox 706 2485 814 2519; x_wconf 83' lang='lat' dir='ltr'>Mar—</span> 
     </span>
     <span class='ocr_line' id='line_1_30' title="bbox 140 2535 811 2581; baseline 0.006 -14"><span class='ocrx_word' id='word_1_174' title='bbox 140 2541 212 2568; x_wconf 89' lang='lat' dir='ltr'>tem</span> <span class='ocrx_word' id='word_1_175' title='bbox 228 2560 238 2576; x_wconf 88' lang='lat'>‚</span> <span class='ocrx_word' id='word_1_176' title='bbox 259 2535 352 2570; x_wconf 85' lang='lat' dir='ltr'>unde</span> <span class='ocrx_word' id='word_1_177' title='bbox 367 2538 496 2572; x_wconf 84' lang='lat' dir='ltr'>mensis</span> <span class='ocrx_word' id='word_1_178' title='bbox 516 2550 647 2571; x_wconf 86' lang='lat' dir='ltr'>nomen</span> <span class='ocrx_word' id='word_1_179' title='bbox 670 2537 811 2581; x_wconf 80' lang='lat' dir='ltr'>habeat,</span> 
     </span>
     <span class='ocr_line' id='line_1_31' title="bbox 139 2587 814 2633; baseline 0.006 -13"><span class='ocrx_word' id='word_1_180' title='bbox 139 2587 198 2620; x_wconf 80' lang='lat' dir='ltr'>sed</span> <span class='ocrx_word' id='word_1_181' title='bbox 220 2587 285 2622; x_wconf 87' lang='lat' dir='ltr'>hoc</span> <span class='ocrx_word' id='word_1_182' title='bbox 306 2589 368 2623; x_wconf 87' lang='lat' dir='ltr'>sibi</span> <span class='ocrx_word' id='word_1_183' title='bbox 388 2590 462 2624; x_wconf 85' lang='lat' dir='ltr'>vult</span> <span class='ocrx_word' id='word_1_184' title='bbox 483 2603 490 2623; x_wconf 90' lang='lat'>:</span> <span class='ocrx_word' id='word_1_185' title='bbox 513 2590 600 2625; x_wconf 86' lang='lat' dir='ltr'>adsis</span> <span class='ocrx_word' id='word_1_186' title='bbox 624 2589 729 2633; x_wconf 84' lang='lat' dir='ltr'>mihi,</span> <span class='ocrx_word' id='word_1_187' title='bbox 748 2589 814 2624; x_wconf 87' lang='lat' dir='ltr'>hoc</span> 
     </span>
     <span class='ocr_line' id='line_1_32' title="bbox 139 2641 810 2687; baseline 0.007 -14"><span class='ocrx_word' id='word_1_188' title='bbox 139 2641 235 2674; x_wconf 84' lang='lat' dir='ltr'>enim</span> <span class='ocrx_word' id='word_1_189' title='bbox 248 2641 319 2685; x_wconf 83' lang='lat' dir='ltr'>jam</span> <span class='ocrx_word' id='word_1_190' title='bbox 330 2654 393 2687; x_wconf 83' lang='lat' dir='ltr'>ago</span> <span class='ocrx_word' id='word_1_191' title='bbox 406 2669 416 2686; x_wconf 90' lang='lat'>,</span> <span class='ocrx_word' id='word_1_192' title='bbox 433 2650 473 2677; x_wconf 90' lang='lat' dir='ltr'>ut</span> <span class='ocrx_word' id='word_1_193' title='bbox 485 2656 643 2678; x_wconf 81' lang='lat' dir='ltr'>mensem</span> <span class='ocrx_word' id='word_1_194' title='bbox 658 2656 677 2677; x_wconf 87' lang='lat' dir='ltr'>a</span> <span class='ocrx_word' id='word_1_195' title='bbox 693 2650 724 2677; x_wconf 82' lang='lat' dir='ltr'>te</span> <span class='ocrx_word' id='word_1_196' title='bbox 737 2643 810 2678; x_wconf 88' lang='lat' dir='ltr'>dic-</span> 
     </span>
     <span class='ocr_line' id='line_1_33' title="bbox 140 2694 813 2736; baseline 0.007 -12"><span class='ocrx_word' id='word_1_197' title='bbox 140 2698 214 2725; x_wconf 83' lang='lat' dir='ltr'>tum</span> <span class='ocrx_word' id='word_1_198' title='bbox 230 2705 361 2727; x_wconf 83' lang='lat' dir='ltr'>canam.</span> <span class='ocrx_word' id='word_1_199' title='bbox 377 2711 420 2720; x_wconf 91' lang='lat'>——</span> <span class='ocrx_word' id='word_1_200' title='bbox 435 2694 611 2736; x_wconf 79' lang='lat' dir='ltr'>Manibus,</span> <span class='ocrx_word' id='word_1_201' title='bbox 634 2695 761 2729; x_wconf 76' lang='lat' dir='ltr'>virtute</span> <span class='ocrx_word' id='word_1_202' title='bbox 778 2701 813 2729; x_wconf 88' lang='lat' dir='ltr'>et</span> 
     </span>
    </p>
   </div>
   <div class='ocr_carea' id='block_1_6' title="bbox 877 1706 1562 2739">
    <p class='ocr_par' dir='ltr' id='par_1_6' title="bbox 877 1706 1562 2739">
     <span class='ocr_line' id='line_1_34' title="bbox 883 1706 1561 1752; baseline -0.001 -11"><span class='ocrx_word' id='word_1_203' title='bbox 883 1707 999 1742; x_wconf 82' lang='lat' dir='ltr'>armis.</span> <span class='ocrx_word' id='word_1_204' title='bbox 1016 1707 1108 1741; x_wconf 87' lang='lat' dir='ltr'>Vide</span> <span class='ocrx_word' id='word_1_205' title='bbox 1136 1706 1234 1741; x_wconf 88' lang='lat' dir='ltr'>Cort.</span> <span class='ocrx_word' id='word_1_206' title='bbox 1257 1706 1299 1741; x_wconf 85' lang='lat' dir='ltr'>ad</span> <span class='ocrx_word' id='word_1_207' title='bbox 1322 1706 1460 1741; x_wconf 84' lang='lat' dir='ltr'>Sallust.</span> <span class='ocrx_word' id='word_1_208' title='bbox 1478 1706 1561 1752; x_wconf 85' lang='lat' dir='ltr'>Jug.</span> 
     </span>
     <span class='ocr_line' id='line_1_35' title="bbox 882 1759 1562 1804; baseline -0.004 -8"><span class='ocrx_word' id='word_1_209' title='bbox 882 1762 1043 1795; x_wconf 89' lang='lat' dir='ltr'>XXXIX</span> <span class='ocrx_word' id='word_1_210' title='bbox 1055 1787 1064 1804; x_wconf 88' lang='lat'>,</span> <span class='ocrx_word' id='word_1_211' title='bbox 1083 1775 1109 1794; x_wconf 85' lang='grc' dir='ltr'>ι.</span> <span class='ocrx_word' id='word_1_212' title='bbox 1119 1761 1300 1794; x_wconf 79' lang='lat' dir='ltr'>—Sumere</span> <span class='ocrx_word' id='word_1_213' title='bbox 1314 1767 1460 1803; x_wconf 79' lang='lat' dir='ltr'>tempora</span> <span class='ocrx_word' id='word_1_214' title='bbox 1469 1759 1562 1793; x_wconf 76' lang='lat' dir='ltr'>bona</span> 
     </span>
     <span class='ocr_line' id='line_1_36' title="bbox 882 1811 1562 1857; baseline -0.003 -10"><span class='ocrx_word' id='word_1_215' title='bbox 882 1812 1012 1847; x_wconf 86' lang='lat' dir='ltr'>locutio</span> <span class='ocrx_word' id='word_1_216' title='bbox 1023 1839 1032 1855; x_wconf 91' lang='lat'>‚</span> <span class='ocrx_word' id='word_1_217' title='bbox 1050 1812 1092 1846; x_wconf 89' lang='lat' dir='ltr'>de</span> <span class='ocrx_word' id='word_1_218' title='bbox 1106 1825 1173 1857; x_wconf 90' lang='lat' dir='ltr'>qua</span> <span class='ocrx_word' id='word_1_219' title='bbox 1182 1812 1342 1847; x_wconf 78' lang='lat' dir='ltr'>vorstius</span> <span class='ocrx_word' id='word_1_220' title='bbox 1353 1838 1362 1855; x_wconf 92' lang='lat'>,</span> <span class='ocrx_word' id='word_1_221' title='bbox 1374 1811 1417 1846; x_wconf 86' lang='lat' dir='ltr'>de</span> <span class='ocrx_word' id='word_1_222' title='bbox 1426 1811 1562 1846; x_wconf 86' lang='lat' dir='ltr'>Latini-</span> 
     </span>
     <span class='ocr_line' id='line_1_37' title="bbox 882 1864 1561 1909; baseline -0.004 -10"><span class='ocrx_word' id='word_1_223' title='bbox 882 1872 951 1900; x_wconf 84' lang='lat' dir='ltr'>tate</span> <span class='ocrx_word' id='word_1_224' title='bbox 969 1865 1052 1899; x_wconf 82' lang='lat' dir='ltr'>salso</span> <span class='ocrx_word' id='word_1_225' title='bbox 1065 1871 1221 1909; x_wconf 87' lang='lat' dir='ltr'>suspecta</span> <span class='ocrx_word' id='word_1_226' title='bbox 1234 1890 1244 1907; x_wconf 86' lang='lat'>‚</span> <span class='ocrx_word' id='word_1_227' title='bbox 1265 1876 1337 1909; x_wconf 89' lang='lat' dir='ltr'>cap.</span> <span class='ocrx_word' id='word_1_228' title='bbox 1355 1865 1403 1897; x_wconf 83' lang='lat'>15.</span> <span class='ocrx_word' id='word_1_229' title='bbox 1416 1882 1462 1888; x_wconf 99' lang='lat'><strong>—</strong></span> <span class='ocrx_word' id='word_1_230' title='bbox 1478 1864 1561 1896; x_wconf 84' lang='lat' dir='ltr'>Pal-</span> 
     </span>
     <span class='ocr_line' id='line_1_38' title="bbox 879 1914 1559 1961; baseline -0.007 -9"><span class='ocrx_word' id='word_1_231' title='bbox 879 1920 971 1952; x_wconf 83' lang='lat' dir='ltr'>ladis</span> <span class='ocrx_word' id='word_1_232' title='bbox 991 1925 1110 1952; x_wconf 88' lang='lat' dir='ltr'>autem</span> <span class='ocrx_word' id='word_1_233' title='bbox 1135 1916 1332 1961; x_wconf 85' lang='lat' dir='ltr'>exemplum</span> <span class='ocrx_word' id='word_1_234' title='bbox 1357 1927 1462 1960; x_wconf 87' lang='lat' dir='ltr'>quam</span> <span class='ocrx_word' id='word_1_235' title='bbox 1489 1914 1559 1947; x_wconf 87' lang='lat' dir='ltr'>vim</span> 
     </span>
     <span class='ocr_line' id='line_1_39' title="bbox 881 1967 1560 2014; baseline -0.009 -10"><span class='ocrx_word' id='word_1_236' title='bbox 881 1969 1006 2004; x_wconf 87' lang='lat' dir='ltr'>habeat</span> <span class='ocrx_word' id='word_1_237' title='bbox 1018 1996 1027 2013; x_wconf 82' lang='lat'>,</span> <span class='ocrx_word' id='word_1_238' title='bbox 1044 1969 1123 2003; x_wconf 83' lang='lat' dir='ltr'>vide</span> <span class='ocrx_word' id='word_1_239' title='bbox 1140 1981 1226 2003; x_wconf 87' lang='lat' dir='ltr'>vers.</span> <span class='ocrx_word' id='word_1_240' title='bbox 1243 1967 1432 2014; x_wconf 59' lang='lat' dir='ltr'>istu—Pro</span> <span class='ocrx_word' id='word_1_241' title='bbox 1445 1968 1560 2008; x_wconf 78' lang='lat' dir='ltr'>cuspi-</span> 
     </span>
     <span class='ocr_line' id='line_1_40' title="bbox 880 2015 1557 2058; baseline -0.009 -3"><span class='ocrx_word' id='word_1_242' title='bbox 880 2023 935 2055; x_wconf 79' lang='lat' dir='ltr'>dis</span> <span class='ocrx_word' id='word_1_243' title='bbox 948 2020 1049 2055; x_wconf 87' lang='lat' dir='ltr'>multi</span> <span class='ocrx_word' id='word_1_244' title='bbox 1066 2019 1163 2054; x_wconf 90' lang='lat' dir='ltr'>MSS</span> <span class='ocrx_word' id='word_1_245' title='bbox 1180 2020 1338 2054; x_wconf 74' lang='lat' dir='ltr'>cassidis.</span> <span class='ocrx_word' id='word_1_246' title='bbox 1356 2017 1414 2051; x_wconf 88' lang='lat' dir='ltr'>Nil</span> <span class='ocrx_word' id='word_1_247' title='bbox 1429 2015 1536 2050; x_wconf 82' lang='lat' dir='ltr'>refert</span> <span class='ocrx_word' id='word_1_248' title='bbox 1548 2042 1557 2058; x_wconf 92' lang='lat'>,</span> 
     </span>
     <span class='ocr_line' id='line_1_41' title="bbox 880 2067 1559 2116; baseline -0.006 -11"><span class='ocrx_word' id='word_1_249' title='bbox 880 2079 1000 2106; x_wconf 85' lang='lat' dir='ltr'>utrum</span> <span class='ocrx_word' id='word_1_250' title='bbox 1016 2069 1187 2116; x_wconf 81' lang='lat' dir='ltr'>praeferas.</span> <span class='ocrx_word' id='word_1_251' title='bbox 1207 2069 1319 2104; x_wconf 80' lang='lat' dir='ltr'>Aliter</span> <span class='ocrx_word' id='word_1_252' title='bbox 1331 2081 1386 2102; x_wconf 87' lang='lat' dir='ltr'>res</span> <span class='ocrx_word' id='word_1_253' title='bbox 1402 2081 1437 2102; x_wconf 87' lang='lat' dir='ltr'>se</span> <span class='ocrx_word' id='word_1_254' title='bbox 1454 2067 1559 2102; x_wconf 84' lang='lat' dir='ltr'>habet</span> 
     </span>
     <span class='ocr_line' id='line_1_42' title="bbox 880 2120 1557 2169; baseline -0.007 -11"><span class='ocrx_word' id='word_1_255' title='bbox 880 2137 968 2158; x_wconf 85' lang='lat' dir='ltr'>vers.</span> <span class='ocrx_word' id='word_1_256' title='bbox 989 2137 1060 2169; x_wconf 87' lang='lat'>¹7¹·</span> <span class='ocrx_word' id='word_1_257' title='bbox 1075 2141 1119 2148; x_wconf 85' lang='lat'>—-</span> <span class='ocrx_word' id='word_1_258' title='bbox 1131 2124 1283 2156; x_wconf 71' lang='lat' dir='ltr'>Jaaem’es</span> <span class='ocrx_word' id='word_1_259' title='bbox 1297 2127 1362 2155; x_wconf 88' lang='lat' dir='ltr'>etc.</span> <span class='ocrx_word' id='word_1_260' title='bbox 1380 2120 1438 2154; x_wconf 91' lang='lat' dir='ltr'>Sic</span> <span class='ocrx_word' id='word_1_261' title='bbox 1451 2132 1557 2155; x_wconf 87' lang='lat' dir='ltr'>com-</span> 
     </span>
     <span class='ocr_line' id='line_1_43' title="bbox 880 2173 1458 2218; baseline -0.005 -8"><span class='ocrx_word' id='word_1_262' title='bbox 880 2176 985 2210; x_wconf 87' lang='lat' dir='ltr'>mode</span> <span class='ocrx_word' id='word_1_263' title='bbox 1003 2177 1095 2210; x_wconf 81' lang='lat' dir='ltr'>viam</span> <span class='ocrx_word' id='word_1_264' title='bbox 1113 2175 1176 2209; x_wconf 87' lang='lat' dir='ltr'>sibi</span> <span class='ocrx_word' id='word_1_265' title='bbox 1194 2174 1309 2208; x_wconf 87' lang='lat' dir='ltr'>munit</span> <span class='ocrx_word' id='word_1_266' title='bbox 1325 2173 1367 2208; x_wconf 88' lang='lat' dir='ltr'>ad</span> <span class='ocrx_word' id='word_1_267' title='bbox 1384 2186 1458 2218; x_wconf 85' lang='lat' dir='ltr'>sqq.</span> 
     </span>
     <span class='ocr_line' id='line_1_44' title="bbox 923 2225 1557 2273; baseline -0.006 -12"><span class='ocrx_word' id='word_1_268' title='bbox 923 2227 1048 2273; x_wconf 76' lang='lat'><strong>9—166.</strong></span> <span class='ocrx_word' id='word_1_269' title='bbox 1059 2226 1168 2271; x_wconf 85' lang='lat' dir='ltr'>Quod</span> <span class='ocrx_word' id='word_1_270' title='bbox 1179 2226 1328 2261; x_wconf 85' lang='lat' dir='ltr'>Ovidius</span> <span class='ocrx_word' id='word_1_271' title='bbox 1339 2251 1348 2268; x_wconf 88' lang='lat'>,</span> <span class='ocrx_word' id='word_1_272' title='bbox 1365 2226 1382 2261; x_wconf 92' lang='lat' dir='ltr'>I</span> <span class='ocrx_word' id='word_1_273' title='bbox 1392 2250 1402 2269; x_wconf 84' lang='lat'>‚</span> <span class='ocrx_word' id='word_1_274' title='bbox 1422 2225 1534 2270; x_wconf 75' lang='lat'><strong><em>27-44</em></strong></span> <span class='ocrx_word' id='word_1_275' title='bbox 1546 2250 1557 2267; x_wconf 91' lang='lat'>,</span> 
     </span>
     <span class='ocr_line' id='line_1_45' title="bbox 880 2275 1558 2322; baseline -0.006 -10"><span class='ocrx_word' id='word_1_276' title='bbox 880 2278 1008 2313; x_wconf 83' lang='lat' dir='ltr'>cursim</span> <span class='ocrx_word' id='word_1_277' title='bbox 1019 2284 1230 2322; x_wconf 83' lang='lat' dir='ltr'>praeceperat</span> <span class='ocrx_word' id='word_1_278' title='bbox 1238 2303 1247 2319; x_wconf 88' lang='lat'>‚</span> <span class='ocrx_word' id='word_1_279' title='bbox 1260 2276 1293 2310; x_wconf 86' lang='lat' dir='ltr'>id</span> <span class='ocrx_word' id='word_1_280' title='bbox 1308 2288 1404 2310; x_wconf 83' lang='lat' dir='ltr'>nunc</span> <span class='ocrx_word' id='word_1_281' title='bbox 1414 2275 1558 2309; x_wconf 79' lang='lat' dir='ltr'>uberius</span> 
     </span>
     <span class='ocr_line' id='line_1_46' title="bbox 880 2325 1557 2371; baseline -0.009 -7"><span class='ocrx_word' id='word_1_282' title='bbox 880 2329 1055 2364; x_wconf 87' lang='lat' dir='ltr'>declarare</span> <span class='ocrx_word' id='word_1_283' title='bbox 1070 2328 1144 2362; x_wconf 80' lang='lat' dir='ltr'>vult</span> <span class='ocrx_word' id='word_1_284' title='bbox 1154 2354 1163 2371; x_wconf 92' lang='lat'>,</span> <span class='ocrx_word' id='word_1_285' title='bbox 1178 2328 1349 2362; x_wconf 82' lang='lat' dir='ltr'>Martium</span> <span class='ocrx_word' id='word_1_286' title='bbox 1366 2339 1384 2360; x_wconf 94' lang='lat' dir='ltr'>a</span> <span class='ocrx_word' id='word_1_287' title='bbox 1402 2325 1557 2360; x_wconf 85' lang='lat' dir='ltr'>Romulo</span> 
     </span>
     <span class='ocr_line' id='line_1_47' title="bbox 880 2379 1554 2428; baseline -0.012 -11"><span class='ocrx_word' id='word_1_288' title='bbox 880 2382 1035 2428; x_wconf 85' lang='lat' dir='ltr'>primurn</span> <span class='ocrx_word' id='word_1_289' title='bbox 1046 2379 1178 2414; x_wconf 86' lang='lat' dir='ltr'>sactum</span> <span class='ocrx_word' id='word_1_290' title='bbox 1189 2392 1262 2413; x_wconf 84' lang='lat' dir='ltr'>esse</span> <span class='ocrx_word' id='word_1_291' title='bbox 1279 2379 1361 2412; x_wconf 89' lang='lat' dir='ltr'>anni</span> <span class='ocrx_word' id='word_1_292' title='bbox 1375 2389 1533 2410; x_wconf 79' lang='lat' dir='ltr'>mensem</span> <span class='ocrx_word' id='word_1_293' title='bbox 1543 2402 1554 2419; x_wconf 86' lang='lat'>,</span> 
     </span>
     <span class='ocr_line' id='line_1_48' title="bbox 880 2430 1558 2469; baseline -0.01 0"><span class='ocrx_word' id='word_1_294' title='bbox 880 2447 1014 2469; x_wconf 85' lang='lat' dir='ltr'>annum</span> <span class='ocrx_word' id='word_1_295' title='bbox 1030 2440 1148 2468; x_wconf 88' lang='lat' dir='ltr'>autem</span> <span class='ocrx_word' id='word_1_296' title='bbox 1159 2445 1232 2466; x_wconf 90' lang='lat' dir='ltr'>non</span> <span class='ocrx_word' id='word_1_297' title='bbox 1242 2431 1307 2465; x_wconf 87' lang='lat' dir='ltr'>nisi</span> <span class='ocrx_word' id='word_1_298' title='bbox 1321 2430 1442 2464; x_wconf 87' lang='lat' dir='ltr'>decem</span> <span class='ocrx_word' id='word_1_299' title='bbox 1453 2441 1558 2463; x_wconf 85' lang='lat' dir='ltr'>men-</span> 
     </span>
     <span class='ocr_line' id='line_1_49' title="bbox 878 2481 1557 2527; baseline -0.013 -4"><span class='ocrx_word' id='word_1_300' title='bbox 878 2501 930 2524; x_wconf 90' lang='lat' dir='ltr'>ses</span> <span class='ocrx_word' id='word_1_301' title='bbox 948 2486 1104 2521; x_wconf 81' lang='lat' dir='ltr'>habuisse</span> <span class='ocrx_word' id='word_1_302' title='bbox 1117 2511 1127 2527; x_wconf 90' lang='lat'>‚</span> <span class='ocrx_word' id='word_1_303' title='bbox 1147 2485 1202 2519; x_wconf 87' lang='lat' dir='ltr'>cui</span> <span class='ocrx_word' id='word_1_304' title='bbox 1219 2485 1335 2519; x_wconf 89' lang='lat' dir='ltr'>Numa</span> <span class='ocrx_word' id='word_1_305' title='bbox 1354 2482 1441 2516; x_wconf 84' lang='lat' dir='ltr'>duos</span> <span class='ocrx_word' id='word_1_306' title='bbox 1455 2481 1557 2515; x_wconf 86' lang='lat' dir='ltr'>addi-</span> 
     </span>
     <span class='ocr_line' id='line_1_50' title="bbox 879 2532 1555 2579; baseline -0.009 -6"><span class='ocrx_word' id='word_1_307' title='bbox 879 2539 970 2573; x_wconf 87' lang='lat' dir='ltr'>derit</span> <span class='ocrx_word' id='word_1_308' title='bbox 982 2553 992 2579; x_wconf 83' lang='lat'>;</span> <span class='ocrx_word' id='word_1_309' title='bbox 1010 2537 1145 2571; x_wconf 80' lang='lat' dir='ltr'>Julium</span> <span class='ocrx_word' id='word_1_310' title='bbox 1160 2535 1335 2570; x_wconf 84' lang='lat' dir='ltr'>Caesarem</span> <span class='ocrx_word' id='word_1_311' title='bbox 1347 2534 1498 2578; x_wconf 85' lang='lat' dir='ltr'>denique</span> <span class='ocrx_word' id='word_1_312' title='bbox 1510 2532 1555 2567; x_wconf 85' lang='lat' dir='ltr'>ad</span> 
     </span>
     <span class='ocr_line' id='line_1_51' title="bbox 877 2586 1555 2625; baseline -0.009 -1"><span class='ocrx_word' id='word_1_313' title='bbox 877 2591 956 2625; x_wconf 86' lang='lat' dir='ltr'>solis</span> <span class='ocrx_word' id='word_1_314' title='bbox 969 2601 1109 2624; x_wconf 87' lang='lat' dir='ltr'>cursum</span> <span class='ocrx_word' id='word_1_315' title='bbox 1120 2601 1253 2622; x_wconf 88' lang='lat' dir='ltr'>annum</span> <span class='ocrx_word' id='word_1_316' title='bbox 1267 2586 1555 2622; x_wconf 82' lang='lat' dir='ltr'>accommodasse.</span> 
     </span>
     <span class='ocr_line' id='line_1_52' title="bbox 879 2637 1556 2675; baseline -0.006 0"><span class='ocrx_word' id='word_1_317' title='bbox 879 2642 1019 2675; x_wconf 86' lang='lat' dir='ltr'>Verum</span> <span class='ocrx_word' id='word_1_318' title='bbox 1034 2640 1090 2674; x_wconf 86' lang='lat' dir='ltr'>hic</span> <span class='ocrx_word' id='word_1_319' title='bbox 1105 2641 1141 2674; x_wconf 88' lang='lat' dir='ltr'>in</span> <span class='ocrx_word' id='word_1_320' title='bbox 1154 2639 1296 2675; x_wconf 84' lang='lat' dir='ltr'>Romuli</span> <span class='ocrx_word' id='word_1_321' title='bbox 1313 2647 1348 2674; x_wconf 90' lang='lat' dir='ltr'>et</span> <span class='ocrx_word' id='word_1_322' title='bbox 1362 2639 1464 2674; x_wconf 84' lang='lat' dir='ltr'>Remi</span> <span class='ocrx_word' id='word_1_323' title='bbox 1482 2637 1556 2671; x_wconf 85' lang='lat' dir='ltr'>ori·</span> 
     </span>
     <span class='ocr_line' id='line_1_53' title="bbox 878 2692 1555 2739; baseline -0.006 -11"><span class='ocrx_word' id='word_1_324' title='bbox 878 2694 974 2739; x_wconf 83' lang='lat' dir='ltr'>giues</span> <span class='ocrx_word' id='word_1_325' title='bbox 997 2693 1166 2737; x_wconf 82' lang='lat' dir='ltr'>excurrit,</span> <span class='ocrx_word' id='word_1_326' title='bbox 1191 2692 1274 2728; x_wconf 80' lang='lat' dir='ltr'>iude</span> <span class='ocrx_word' id='word_1_327' title='bbox 1293 2706 1312 2726; x_wconf 91' lang='lat' dir='ltr'>a</span> <span class='ocrx_word' id='word_1_328' title='bbox 1329 2692 1454 2728; x_wconf 73' lang='lat' dir='ltr'>Martis</span> <span class='ocrx_word' id='word_1_329' title='bbox 1474 2702 1555 2726; x_wconf 86' lang='lat' dir='ltr'>cum</span> 
     </span>
    </p>
   </div>
  </div>
 </body>
</html>
