1826 3054
283 265 369 309 ΜΩ
803 262 1185 309 EXCURSUS

284 354 471 406 servavit
492 359 523 404 ¹.
546 354 728 404 Annum
750 364 898 403 autem
925 352 1102 404 initium
1124 354 1292 422 cepisse
1315 354 1372 403 ab
1397 373 1451 403 eo
1477 366 1671 424 tempore
1691 395 1703 413 ‚

281 452 371 502 quo
398 451 519 482 nunc
549 431 742 481 Martius
765 442 854 490 est,
877 442 923 480 et
945 443 1154 480 constans
1177 432 1375 481 omnium
1400 432 1513 482 sama
1539 446 1629 492 est,
1660 446 1705 484 et

279 515 407 583 plura
431 524 692 579 argumenta
710 513 1005 581 probabiliter
1025 513 1260 563 declarant.
1279 515 1397 564 Tum
1408 515 1522 564 enim
1538 528 1704 566 naturae

278 594 468 645 maxime
486 604 828 643 consentaneum
846 603 940 650 est,
961 610 985 640 a
999 611 1098 642 vere
1108 592 1213 641 anni
1233 592 1407 642 initium
1420 605 1589 661 petere,
1611 606 1704 643 tum

279 674 422 722 Annae
443 673 651 721 Perennae
671 670 853 729 festum,
874 669 978 718 anni
1003 670 1128 718 initia
1151 669 1293 719 fausta
1317 671 1435 721 haud
1459 673 1595 722 dubie
1629 674 1706 721 de-

278 745 489 808 signans,
527 754 620 791 tum
654 741 844 809 denique
878 742 1133 791 ceremoniae
1166 741 1252 791 illae
1285 742 1477 810 antiquae
1507 744 1563 793 ad
1602 744 1705 793 anni

277 822 454 872 initium
478 832 755 889 spectantes,
781 839 890 887 quas
914 819 1046 869 ovid,
1071 821 1165 878 111,
1205 818 1317 886 137,
1350 831 1395 869 et
1421 822 1621 871 Macrob.
1650 823 1668 870 l
1691 861 1702 878 ‚

285 918 366 960 12,
389 900 625 959 exhibent,
650 919 744 948 non
770 899 957 948 obscure
978 899 1184 948 innuunt.

697 1162 1139 1221 EXCURSUS
1166 1163 1271 1219 VI.

274 1315 567 1356 (mammona,
590 1318 644 1347 An
666 1317 1037 1348 lmmPnE'rARnos
1056 1314 1258 1352 Quosntm
1281 1314 1413 1344 Locos
1431 1315 1702 1346 svscunnzs.

284 1495 341 1534 1⁰.
379 1487 447 1537 Vl
463 1524 475 1545 ‚
499 1484 605 1553 773.
630 1467 806 1552 QUAM
832 1485 910 1534 cito
933 1495 1132 1535 venerunt
1152 1486 1359 1534 Fortuna·
1366 1485 1496 1552 fords
1518 1484 1698 1533 honores.

277 1562 431 1626 Quaeri
454 1573 631 1629 potest,
658 1581 714 1611 an
737 1563 933 1611 Fortuna
953 1600 965 1621 ‚
988 1561 1059 1611 cui
1084 1562 1261 1611 Servius
1284 1562 1369 1610 hoc
1395 1561 1465 1609 die
1492 1560 1702 1627 templum

279 1638 523 1697 deificavit,
548 1640 693 1708 primo
726 1658 829 1689 casu
849 1639 982 1706 fhrte's
1015 1638 1234 1693 Fortuna,
1273 1636 1338 1686 vel
1372 1636 1490 1686 Fors
1513 1637 1705 1685 Fortuna

277 1716 391 1765 dicta
414 1716 561 1765 suerit.
586 1717 716 1766 Prius
738 1736 887 1766 verum
910 1735 1027 1775 esse,
1062 1716 1301 1765 certissime
1322 1734 1440 1764 nunc
1464 1714 1572 1763 mihi
1595 1734 1704 1782 pro-

274 1794 420 1843 batur.
468 1795 614 1844 Fortis
634 1793 731 1861 (vel
735 1794 916 1860 soreth,
945 1794 1140 1852 forctus‚
1160 1793 1365 1851 horctus;
1396 1792 1512 1842 conf.
1539 1792 1594 1841 ad
1620 1794 1701 1848 lv,

277 1872 404 1940 620)
421 1874 579 1941 priscis
597 1873 813 1923 Romanis
838 1873 972 1923 fuisse
990 1872 1017 1920 i.
1040 1891 1083 1939 q.
1099 1871 1245 1920 bonus
1259 1909 1271 1929 ‚
1297 1883 1341 1919 et
1356 1872 1472 1920 Fest.
1493 1870 1601 1935 (vid.
1620 1869 1703 1918 Sa-

277 1962 390 2000 nates
407 1964 452 2001 et
470 1952 708 2017 Horetum)
730 1950 945 2019 expressis
963 1948 1108 1999 verbis
1126 1949 1283 2005 tradit,
1308 1959 1353 1998 et
1370 1947 1566 2015 exempla
1583 1950 1701 2016 apud

277 2029 510 2090 Plautum,
537 2029 616 2078 nbi
639 2029 727 2079 hoc
751 2049 837 2079 usu
860 2027 1074 2086 occurrit,
1108 2026 1333 2094 probant;
1369 2025 1468 2076 Mil.
1502 2027 1584 2084 lv,
1613 2039 1669 2074 lu
1687 2066 1698 2082 ‚

285 2107 368 2170 ¹33
392 2107 551 2158 Bacch.
576 2109 647 2165 11,
673 2121 739 2167 11,
763 2106 838 2155 38.

344 2186 518 2254 Ecquid
549 2186 680 2235 fortis
716 2185 808 2236 visa
837 2185 939 2234 est?
963 2184 1016 2234 de
1041 2182 1212 2251 puella,
1243 2182 1322 2232 ubi
1356 2183 1469 2232 esti.
1497 2202 1538 2249 q.
1564 2182 1693 2233 bona.

271 2263 461 2332 pulchra.
484 2264 653 2314 Eodem
676 2283 809 2317 sensu
828 2263 895 2312 vir
915 2262 1065 2320 sortis,
1085 2260 1193 2311 alibi
1213 2261 1363 2310 bonus
1380 2260 1606 2326 (Patn'ot).
1631 2261 1697 2307 Eo

280 2354 423 2392 autem
454 2343 602 2393 minus
637 2342 828 2400 dubito,
864 2340 1010 2409 ipsum
1045 2340 1160 2388 forte
1194 2337 1404 2406 templum
1441 2335 1697 2403 inscriptum

280 2421 415 2471 fuisse
441 2443 450 2472 :
475 2423 669 2472 Fortuna
675 2421 826 2489 finctis
842 2459 854 2478 ,
884 2437 1022 2487 quum
1049 2437 1098 2467 ex
1124 2418 1204 2467 hac
1228 2416 1374 2467 solum
1401 2417 1537 2466 forma
1561 2415 1699 2463 lucem

280 2498 555 2548 nanciscatur
571 2497 798 2548 Plutarchi
820 2496 946 2545 locus
969 2513 1181 2562 perquam
1204 2492 1439 2558 singularis
1460 2513 1470 2541 ;
1493 2492 1576 2558 (de
1600 2491 1697 2540 fort.

324 2617 334 2637 ¹
363 2616 441 2652 Pari
461 2617 596 2653 mione
619 2630 757 2653 menses
775 2614 868 2663 apud
888 2614 958 2649 Ju-
1023 2612 1166 2648 Attenh.
1185 2625 1218 2658 p.
1234 2613 1308 2659 ⁵³9
1337 2611 1451 2646 Anne·
1474 2610 1600 2645 mensis
1622 2611 1674 2655 pri
1687 2630 1699 2634 -

279 2675 372 2713 deos
381 2675 958 2723 primumnumemdisunguebau·
1023 2687 1123 2719 mus,
1146 2673 1340 2717 secundus,
1368 2674 1510 2716 tertius.
1532 2680 1698 2719 quartus.

279 2742 355 2775 tur:
373 2743 491 2783 postea
506 2736 651 2773 demum
663 2736 803 2783 propria
813 2735 957 2772 nomina
1021 2741 1176 2786 quintus,
1187 2743 1301 2774 sextus
1314 2743 1378 2773 etc.
1393 2743 1510 2783 postea
1521 2744 1621 2777 ξυμ
1633 2767 1645 2785 ‚
1666 2730 1697 2783 ν’

279 2797 520 2846 accipiebam
547 2798 615 2834 vid.
642 2799 843 2837 Wamkm
866 2800 955 2835 hebr.
1022 2806 1086 2836 etc.
1104 2798 1316 2835 dicebantur.
1606 2781 1616 2794 ’
