1826 3054
221 193 304 249 184

596 198 648 242 P.
687 199 924 245 ovl=D11
950 200 1255 248 NASONIS

280 288 483 356 Cumque
505 290 598 340 suis
618 302 746 341 antro
769 292 978 342 conditus
996 294 1090 360 ipse
1113 293 1231 343 latet.

212 364 286 413 Ad
309 365 467 416 solitos
491 368 676 418 veniunt
699 368 915 419 silvestria
938 370 1119 419 numina
1142 371 1316 431 sontes;

276 443 336 491 Et
356 443 551 493 relevant
573 445 716 494 multo
742 458 921 512 pectora
945 448 1057 497 sicca
1080 467 1218 498 mero.

211 519 326 569 Vina
349 522 473 588 quies
497 524 727 590 sequitur:
751 523 898 587 gelido
921 526 1064 574 Numa
1088 527 1241 593 prodit
1260 527 1318 576 ab
1339 538 1468 577 antro
1489 547 1500 586 ;
1571 542 1636 575 305

276 598 521 665 Vinclaque
544 601 713 666 sopitas
737 601 862 650 addit
880 602 927 650 in
951 614 1045 652 arta
1066 622 1236 654 manus.

213 674 407 723 Somnus
430 687 482 723 ut
504 676 748 735 abscessit;
776 679 989 728 tentando
1012 679 1186 730 vincula
1208 694 1411 748 pugnant

274 751 498 818 Rumpere
522 773 533 801 z
555 765 806 820 pugnantes
829 755 991 805 fortius
1014 755 1090 805 illa
1114 769 1278 806 tenent.

205 829 321 876 Tum
347 831 492 879 Numa
517 850 528 878 ε
555 832 615 880 Di
637 851 891 890 nemorum,
916 833 1045 883 sactis
1068 834 1289 897 ignoscite
1311 834 1505 891 nostris,

271 906 319 953 Si
342 907 485 957 scelus
506 908 684 972 ingenio
702 910 832 960 scitis
853 910 1008 960 abesse
1032 930 1158 969 me03

1573 926 1639 959 310

209 984 405 1052 Quoque
429 987 565 1035 modo
589 987 735 1054 possit
757 987 925 1037 fulmen
948 1001 1192 1039 monstrate
1214 989 1340 1056 piari.

272 1064 346 1112 Sic
368 1067 535 1124 Numa3
557 1067 620 1115 sic
644 1067 848 1133 quatiens
871 1086 1039 1116 cornua
1062 1069 1241 1116 Faunus
1263 1067 1353 1116 ait:

207 1142 373 1205 Magna
397 1143 541 1210 petis3
564 1163 646 1193 nec
666 1163 762 1212 quae
786 1145 959 1193 monitu
984 1144 1066 1192 tibi
1091 1143 1257 1192 discere
1279 1155 1439 1193 nostro

270 1221 356 1269 Fas
374 1221 463 1271 sit:
483 1221 651 1272 habent
671 1222 780 1271 fines
804 1222 985 1271 numina
1009 1233 1161 1269 nostra
1185 1240 1303 1270 suos.

207 1297 269 1345 Di
293 1316 447 1347 sumus
472 1311 693 1363 agrestes,
718 1311 763 1348 et
785 1299 863 1366 qui
888 1298 1165 1347 dominemur
1187 1298 1232 1347 in
1257 1298 1358 1348 altis
1573 1312 1638 1347 315

203 1432 211 1439 ⁶
272 1375 512 1425 Montibus
533 1396 544 1425 ε
568 1374 801 1425 arbitrium
826 1375 957 1424 estin
983 1394 1062 1438 sua
1086 1373 1170 1424 tela
1194 1375 1311 1424 Jovi.

205 1511 335 1560 Georg.
354 1513 421 1557 lv,
440 1526 515 1561 ²79·
539 1513 673 1549 Arnob.
696 1527 714 1544 κ
733 1512 886 1559 liquori-

205 1578 224 1594 ι·
238 1564 302 1599 bus
314 1563 467 1599 odoratis
481 1563 668 1611 fragrantia
679 1562 815 1610 pocula'.
824 1579 887 1595 »—

204 1614 276 1650 Sed
289 1628 354 1661 pro
363 1617 433 1651 Dis
441 1619 540 1661 poni!
550 1642 559 1656 ,
570 1615 663 1662 quod
678 1616 800 1651 Heius.
813 1628 887 1650 non

204 1665 320 1702 nisiex
332 1666 476 1713 ingenio
487 1679 553 1702 suo
561 1666 706 1702 dederat
717 1693 727 1710 ‚
740 1663 890 1712 de's'pom

203 1717 376 1761 revocavi,
385 1718 491 1754 etiam
499 1724 643 1765 propter
650 1717 784 1753 Arnob.
793 1717 886 1764 apud

204 1783 311 1816 quem
331 1771 446 1807 Numa
459 1771 584 1818 pocula
594 1786 612 1802 «ι
626 1784 700 1807 non
713 1771 809 1818 parvi
820 1784 887 1808 nn·

207 1837 224 1852 ι»
242 1823 332 1858 meri
355 1836 374 1853 ι·
403 1823 485 1858 vino
509 1822 692 1869 mulsoque
722 1822 886 1870 complet.

208 1872 313 1920 Apud
325 1873 503 1910 Plutarch.
513 1887 597 1910 vero
607 1874 743 1910 sontem
756 1874 884 1920 ipsum,

206 1937 247 1961 ex
256 1938 328 1972 quo
337 1925 384 1962 illi
394 1925 513 1962 bibere
523 1926 681 1962 solebant
689 1952 699 1970 ,
710 1927 793 1962 vino
803 1927 887 1962 mis—

203 1985 258 2014 cet
269 1985 306 2014 et
316 1978 560 2016 meua-cna
573 1982 655 2014 ηιὶῐ.
666 1980 800 2026 Nempe
811 1992 886 2015 eas·

204 2036 258 2065 tos
269 2029 456 2068 duodecim
472 2031 616 2076 iuvenes
630 2043 749 2067 seeum
763 2031 886 2067 ductos

202 2080 326 2120 celavit
351 2081 441 2127 apud
462 2094 589 2128 aquam
610 2095 693 2117 cum
718 2083 862 2120 vinculis
874 2099 884 2125 ;

205 2133 340 2170 Amob.
356 2132 438 2169 dict.
452 2133 721 2171 loe—Antra·
737 2136 826 2172 sorte
842 2135 886 2171 il—

201 2185 263 2223 lud
282 2186 395 2233 ipsum
408 2212 419 2229 ,
437 2187 473 2222 in
492 2200 564 2233 quo
581 2200 785 2233 congressus
803 2201 886 2224 cum

205 2239 332 2285 Egeri·
346 2238 518 2284 habebam
542 2241 675 2276 etenim
693 2241 728 2276 id
745 2254 885 2288 quoque

203 2290 268 2327 sub
282 2290 472 2327 Aventino.

246 2343 324 2379 ³05.
358 2345 448 2380 νίκα
472 2347 566 2390 μία
589 2348 745 2391 seqnitur.
771 2345 887 2393 Sopor

206 2396 319 2440 gravis
328 2410 369 2432 ex
379 2396 546 2433 ebrietate
559 2397 740 2434 intet.vid.
751 2398 885 2434 Amob.

205 2448 410 2485 Secundum
424 2449 601 2486 Plutarch.
614 2450 651 2486 hi
662 2451 753 2497 capti
762 2477 773 2494 ,
786 2463 885 2498 nque

203 2512 241 2533 ac.
261 2499 408 2536 Proteus
425 2526 435 2545 ,
461 2500 498 2535 in
523 2500 635 2537 varias
649 2514 684 2537 se
703 2507 886 2538 mutarunt

203 2550 333 2586 formas
346 2577 356 2594 ,
373 2553 548 2599 oculisque
566 2552 759 2589 horrendas
776 2554 885 2599 obje—

204 2610 328 2639 cerunt
337 2603 513 2648 imagines.
526 2606 609 2641 nec
620 2606 746 2642 Noster
752 2605 884 2651 omisit,

204 2656 294 2692 forte
305 2656 385 2702 quia
395 2656 534 2692 nolebat
545 2671 626 2693 cum
641 2656 788 2704 Virgilio
796 2670 884 2694 eon-

200 2714 344 2743 comm.
359 2724 404 2736 -
424 2708 598 2744 Tenlaaedo
617 2716 771 2754 puy-m
789 2709 879 2746 bene

954 1511 1123 1548 Heinsius
1143 1524 1185 1547 ex
1200 1511 1302 1558 prim.
1319 1510 1481 1546 Ambros.
1501 1510 1585 1545 Leti
1602 1517 1636 1544 et

952 1564 1110 1611 plurimis
1118 1565 1191 1600 aliis
1200 1590 1210 1607 ,
1222 1564 1373 1611 pretulit
1382 1563 1481 1599 alteri
1486 1576 1637 1607 pugnan-

951 1620 995 1652 ὼ
1003 1623 1152 1658 lentant:
1165 1617 1250 1653 illud
1262 1618 1371 1663 magis
1380 1623 1432 1652 est
1443 1616 1633 1662 poeticum,

951 1676 986 1705 et
997 1683 1147 1715 pugnam
1169 1682 1258 1716 sepe
1278 1669 1454 1706 infinitivo
1471 1670 1635 1714 junctum

952 1722 1101 1767 legitur;
1125 1722 1202 1757 vide
1220 1721 1262 1757 ad
1282 1722 1295 1757 Ι
1315 1722 1403 1757 Met.
1419 1722 1495 1757 685.
1513 1722 1636 1756 Heius.

951 1782 1069 1810 tamen
1094 1782 1130 1810 et
1152 1774 1318 1811 suadebat
1332 1801 1342 1817 ,
1363 1775 1525 1810 luctando
1542 1787 1636 1818 pug-

950 1834 1043 1863 nant.
1060 1827 1146 1863 Siue
1165 1840 1276 1863 eausa.
1299 1828 1441 1862 Teutam
1453 1854 1461 1862 .
1489 1827 1635 1872 pericu·-

950 1878 1025 1913 lum
1053 1877 1165 1913 facere
1175 1905 1186 1921 ,
1202 1891 1246 1913 an
1270 1878 1378 1923 possis
1400 1877 1528 1923 aliquid
1552 1877 1632 1912 effi-

950 1943 1039 1965 cere.
1048 1932 1232 1965 -Fonfns
1246 1937 1359 1965 tenen!
1369 1956 1379 1970 ,
1399 1930 1527 1965 arctius
1541 1941 1635 1964 con—

951 1981 1086 2021 tinent;
1107 1981 1140 2016 ΙΙ
1159 1980 1307 2015 Metam.
1323 1981 1534 2025 127,sortins
1549 1987 1638 2015 utere

956 2035 1055 2073 lon'e,
1072 2031 1116 2066 de
1134 2031 1264 2078 auriga.

994 2085 1068 2120 312.
1087 2083 1282 2120 concussio
1297 2085 1418 2131 capitis
1433 2097 1528 2120 nune
1539 2083 1634 2119 dim-

951 2137 1118 2173 cultatem
1133 2138 1185 2172 rei
1198 2137 1383 2184 proposita
1394 2136 1533 2172 indicat.
1546 2136 1634 2170 Len-

952 2190 1006 2225 sio
1015 2189 1154 2236 signum
1170 2202 1243 2225 esse
1261 2188 1399 2223 videtur
1413 2188 1538 2223 samri,
1555 2188 1631 2222 saii-

952 2240 1019 2276 dici
1032 2240 1175 2286 jamjam
1187 2239 1393 2286 incipientis·
1406 2240 1543 2274 Verum
1557 2240 1631 2274 talis

951 2293 1064 2337 furor,
1074 2292 1135 2339 qui
1147 2305 1231 2328 sane
1241 2291 1426 2327 bominum
1439 2292 1633 2327 vaticinan-

952 2345 1041 2380 tium
1051 2357 1125 2380 (ωε
1134 2343 1240 2387 solet,
1252 2343 1371 2380 Deum
1384 2343 1530 2379 dedecet
1544 2370 1554 2386 ,
1568 2358 1632 2380 nec

952 2396 1062 2431 ullum
1073 2396 1149 2441 ejus
1162 2396 1345 2443 vestigium
1360 2396 1426 2432 hoe
1443 2397 1518 2431 loco
1533 2411 1632 2443 appa-

951 2454 1016 2483 ret.
1031 2447 1148 2483 lmmo
1163 2459 1268 2483 sanus
1284 2455 1335 2482 est
1352 2454 1386 2482 et
1402 2448 1483 2483 satis
1501 2448 1633 2483 mode-

951 2506 1046 2535 ratus
1061 2499 1177 2535 omnis
1192 2499 1304 2535 Fauni
1321 2501 1485 2535 monitus.
1501 2519 1544 2526 —
1563 2502 1633 2535 Να-

949 2565 1022 2598 qne
1037 2556 1164 2588 moach
1178 2560 1244 2587 etc.
1261 2552 1496 2588 Tndiderant
1513 2560 1630 2588 tamen

951 2603 1112 2640 nonnulli
1126 2630 1137 2647 ‚
1163 2602 1320 2640 didicim-
1346 2604 1434 2640 hant
1457 2617 1630 2651 procura·-

950 2656 1087 2691 tiouem
1102 2656 1256 2693 Numam
1273 2656 1315 2691 ab
1330 2657 1420 2703 ipsis,
1436 2657 1525 2692 Vide
1545 2657 1631 2692 Plu·—

949 2708 1056 2746 ton-b.
1072 2727 1117 2737 —
1130 2710 1278 2746 Νικὼ.
1294 2717 1411 2745 nosen
1421 2736 1430 2751 ,
1457 2710 1508 2745 vis
1520 2735 1531 2753 ,
1558 2721 1629 2755 po·-
