1826 3054
266 257 353 313 442

642 262 694 305 P.
733 262 969 308 OVIDII
1005 264 1316 311 NASONIS

265 350 483 400 Alliciunt
506 371 688 402 somnos
712 366 911 422 tempus,
932 368 1167 425 motusque
1182 397 1193 415 ,
1218 379 1500 429 merumque;

331 430 535 496 Potaque
559 450 604 479 se
627 431 773 480 Tibur
797 433 926 482 turba
952 435 1093 483 redire
1116 449 1257 503 putat.

264 507 451 573 Jamque
474 525 553 573 per
576 507 799 574 Esquilias
823 528 1048 559 romanam
1075 512 1310 562 intraverat
1334 514 1516 575 urbem3

331 584 390 630 Et
413 602 539 632 mane
566 584 611 632 in
636 584 781 633 medio
803 585 999 652 plaustra
1025 586 1143 636 suere
1168 588 1281 637 soro.

266 658 491 716 Plautius,
517 672 567 708 ut
591 673 775 727 possent
796 661 941 727 specie
962 681 1237 730 numeroque
1261 678 1461 714 senatum

1628 681 1695 716 635

330 735 496 785 Fallere
513 775 524 794 ,
549 738 754 804 personis
778 739 966 805 imperat
990 758 1067 787 ora
1092 740 1179 802 tegi
1201 760 1212 797 ;

266 813 580 882 Admiscetque
604 815 714 865 alios
733 835 743 873 ;
768 828 837 875 et,
858 829 909 866 ut
929 817 1049 865 hunc
1075 818 1255 867 tibicina
1275 832 1437 868 coetum

329 892 531 954 Augeat,
557 891 602 940 in
629 892 777 957 longis
801 895 999 943 vestibus
1025 896 1086 945 ire
1107 896 1246 961 jubet.

268 967 338 1017 Sic
362 969 544 1020 reduces
564 970 677 1021 bene
699 991 830 1039 posse
859 973 974 1035 tegi3
998 992 1052 1021 ne
1078 973 1192 1023 sorte
1215 987 1430 1024 notentur

330 1048 497 1096 Contra
522 1049 698 1114 collegae
720 1050 840 1115 jussa
862 1050 1028 1099 redisse
1051 1051 1132 1099 sui.

263 1126 353 1174 Res
378 1126 571 1193 placuit3
597 1128 808 1196 cultuque
831 1149 948 1177 novo
972 1129 1074 1178 licet
1096 1128 1253 1177 Idibus
1275 1130 1368 1187 uti;

326 1206 387 1253 Et
410 1223 563 1255 canere
585 1207 641 1257 ad
665 1219 829 1256 veteres
854 1207 986 1257 verba
1006 1207 1157 1273 jocosa
1178 1206 1349 1255 modos.

260 1320 472 1355 substantive
489 1329 659 1358 occurrat.
677 1323 795 1369 Vulgo
817 1323 943 1369 legitur

260 1376 390 1416 scirpea
405 1375 479 1407 lala
492 1400 501 1415 ,
518 1373 612 1409 unde
628 1375 782 1422 Scaliger
796 1383 831 1411 et
857 1377 944 1410 Mu·-

261 1431 358 1459 retus
372 1429 504 1469 scirpea
525 1431 635 1462 matta
652 1427 728 1462 sieri
754 1428 915 1462 volebant
935 1442 943 1468 ;

264 1484 299 1513 at
314 1485 422 1513 matta
440 1479 578 1514 serioris
599 1479 664 1515 aevi
680 1493 745 1514 vox
761 1487 821 1516 est.
847 1480 945 1528 Gry-

262 1528 334 1574 phii
352 1530 436 1566 edit.
453 1530 490 1565 in
516 1531 674 1577 margine
688 1558 697 1575 ,
721 1537 852 1576 scirpea
864 1534 944 1566 lar-

261 1594 328 1620 va:
346 1582 514 1618 Heinsius
526 1584 669 1628 conjicit
683 1588 814 1629 scirpea
835 1590 945 1619 strata

255 1632 335 1676 suit.
353 1634 408 1670 De
424 1639 557 1681 scirpea
571 1637 685 1671 Varro
698 1636 741 1671 de
757 1637 855 1682 Ling.
870 1637 942 1672 Lat.

262 1688 317 1723 lv
342 1701 350 1723 :
373 1703 390 1719 «
415 1702 493 1736 quoe
516 1691 620 1737 virgis
652 1691 806 1737 sipatur‚
834 1690 868 1726 id
893 1698 945 1726 est

262 1754 281 1771 >¹
299 1741 494 1787 colligendo
506 1742 704 1789 implicatur
716 1770 726 1787 ,
740 1744 774 1779 in
785 1756 852 1789 qua
862 1750 945 1779 ster·

263 1809 281 1824 »ο
297 1807 357 1829 cus
376 1794 512 1830 aliudve
525 1795 609 1841 quid
627 1795 798 1831 evehitur.
814 1812 830 1827 ν
848 1795 946 1831 Scir-

261 1858 363 1891 peam
372 1846 477 1892 igitur
487 1847 654 1883 Heinsius
665 1849 730 1891 ait,
743 1861 837 1883 nunc
846 1848 946 1894 plau-

258 1906 332 1933 stro
359 1899 626 1935 insternendam
654 1900 779 1944 fuisse,
804 1914 849 1935 ne
875 1914 943 1936 ve·-

260 1959 373 1987 ctores
389 1959 505 1988 essent
520 1953 716 1999 conspicui,
738 1961 774 1988 et
789 1961 827 1988 ut
838 1967 942 1989 com-

259 2005 400 2041 modius
421 2011 620 2041 sterterent.
645 2006 823 2041 Plutarch.
844 2013 944 2042 notat

261 2059 386 2102 ἀμάξας
400 2060 516 2108 &ipsium
528 2060 626 2105 κύκλῳ
642 2062 944 2106 rependum-ming,

260 2109 413 2156 plaustra
431 2109 576 2155 pellibus
592 2110 864 2156 circumquaque
881 2111 946 2145 ob-

260 2168 361 2198 tecta.
373 2161 430 2197 Sic
441 2161 617 2209 deportati
629 2170 729 2206 sunt,
742 2178 759 2193 ⁶1
770 2177 835 2199 nec
850 2164 944 2210 prius

262 2228 281 2245 »
296 2227 436 2250 sensere
450 2241 460 2259 ,
482 2227 588 2259 quam
604 2241 613 2258 ,
635 2216 794 2262 plaustris
813 2216 848 2250 in
868 2216 946 2251 soro

262 2280 280 2296 >0
298 2266 424 2301 relictis
441 2292 451 2310 ,
475 2267 596 2313 plenos
623 2267 772 2313 crapulae
804 2280 864 2303 eos
888 2267 945 2302 lux

263 2333 282 2350 ›·
301 2318 494 2365 oppressitz
514 2334 532 2349 ι»
556 2319 685 2354 Livius.

302 2371 379 2407 685.
396 2373 553 2407 Plautius
567 2379 619 2407 est
638 2387 656 2407 e
671 2372 873 2417 conjectura
885 2373 946 2407 Pi·-

264 2424 335 2469 giiii
348 2451 358 2468 ,
392 2425 536 2470 probata
566 2425 671 2460 etiam
704 2425 852 2460 Heinsio
866 2451 875 2466 ,
907 2432 946 2460 ut

264 2477 421 2513 Plautius
432 2477 575 2523 intellig.
588 2477 719 2523 collega
731 2477 832 2523 Appii
844 2476 946 2511 Clau-

261 2527 330 2571 dii,
350 2529 409 2574 qui
426 2540 570 2575 operam
593 2528 751 2572 dederit,
770 2536 808 2563 ut
826 2528 946 2564 tibici-

261 2592 323 2615 nes
344 2581 616 2617 restituerentur
636 2594 643 2616 z
664 2582 748 2616 olim
772 2581 943 2617 edebatur

264 2633 448 2675 Claudat-13
461 2632 562 2669 codd.
582 2634 744 2668 nonnulli
762 2646 769 2668 :
788 2635 943 2668 Callidus

260 2689 320 2717 aut
337 2688 482 2719 cautem.
502 2685 645 2730 Pighius
662 2685 767 2719 etiam
776 2691 895 2729 posse!
907 2684 943 2719 in

256 2742 400 2780 possen!
416 2738 581 2780 mutavit,
599 2745 634 2773 et
656 2744 824 2784 preterea
840 2751 948 2773 sane-

261 2793 331 2823 tum
356 2788 462 2826 suasit
487 2803 506 2825 a
538 2790 757 2827 nominativo
784 2798 944 2835 saules,

1010 1323 1070 1368 qui
1096 1322 1138 1357 ad
1163 1335 1285 1357 sanam
1309 1328 1467 1356 mentem
1501 1321 1696 1357 redierunt.

1013 1375 1139 1419 Rejicit
1163 1374 1228 1409 boc
1246 1375 1390 1409 Vossius
1405 1401 1415 1419 ‚
1441 1375 1522 1420 quia
1544 1375 1695 1420 primam

1008 1427 1173 1474 syllabam
1199 1426 1360 1471 producit
1392 1440 1400 1461 ι
1425 1434 1545 1461 tuetur
1570 1428 1695 1462 Hein-

1009 1480 1100 1522 sius,
1120 1480 1200 1525 quia
1222 1493 1334 1524 quum
1366 1480 1525 1514 tibicines
1548 1493 1610 1525 per
1634 1494 1696 1515 se-

1010 1539 1133 1567 natum
1152 1532 1291 1577 repetiti
1307 1532 1397 1575 sint,
1419 1545 1491 1566 non
1512 1545 1598 1577 opus
1616 1532 1696 1566 sue-

1010 1586 1056 1620 rit
1072 1590 1224 1619 senatum
1233 1584 1330 1628 salli.
1348 1584 1482 1618 Verum
1503 1585 1610 1618 etiam
1629 1598 1691 1618 se-

1012 1638 1155 1685 quentia
1175 1638 1326 1681 docent,
1341 1637 1515 1672 Ovidium
1538 1646 1697 1673 secutum

1011 1704 1083 1726 esse
1103 1698 1281 1725 auctorem
1298 1716 1307 1732 ,
1323 1689 1517 1725 secundum
1532 1703 1638 1735 quem
1660 1691 1696 1724 ti-

1011 1743 1143 1778 bicines
1160 1749 1258 1777 caute
1270 1741 1402 1776 suerint
1418 1740 1608 1775 reducendi
1623 1768 1631 1784 ,
1644 1742 1696 1775 in-

1011 1793 1082 1829 scio
1099 1794 1205 1828 etiam
1228 1800 1350 1827 senatu
1373 1806 1381 1827 ι
1404 1792 1503 1827 aliter
1528 1806 1611 1827 sane
1636 1792 1694 1825 Li-

1012 1847 1097 1881 vius.
1117 1847 1296 1881 Puteanus
1319 1847 1454 1879 deorum
1481 1845 1638 1887 exhibet,
1659 1852 1697 1880 ut

1011 1899 1188 1945 personati
1218 1898 1367 1932 deorum
1395 1898 1545 1941 figuram
1574 1910 1695 1942 gesse-

1012 1951 1066 1985 rin
1073 1958 1140 1985 t.—
1149 1952 1303 1985 Tibicina
1314 1962 1378 1995 pro
1390 1949 1697 1995 plurali—Longis

1010 2004 1081 2038 sive
1111 2003 1340 2037 muliebribus
1363 2005 1511 2037 testibus
1540 2003 1695 2047 plerique

1010 2055 1083 2100 jam
1110 2063 1191 2090 ante
1214 2081 1223 2097 ,
1256 2067 1363 2100 quam
1391 2054 1663 2100 deportarentur
1687 2080 1696 2095 ,

1012 2115 1113 2143 erant
1145 2108 1262 2142 amicti
1293 2114 1437 2153 propter
1464 2108 1694 2142 comessatio·

1012 2172 1096 2194 nem
1111 2173 1119 2199 3
1135 2159 1412 2194 Plutarch—Ire
1422 2171 1485 2205 pro
1499 2172 1574 2193 esse
1588 2159 1694 2194 Hein-

1013 2213 1083 2249 sius
1099 2227 1140 2247 ex
1162 2213 1299 2248 duobus
1315 2213 1415 2248 codd.
1445 2220 1479 2248 et
1500 2213 1583 2247 cdii.
1611 2213 1694 2247 Gri-

1012 2266 1385 2313 pt1iirccepit.—ldem
1398 2279 1477 2301 mox
1487 2279 1568 2301 cum
1581 2267 1694 2300 ttam-

1012 2318 1111 2362 burg.
1137 2320 1220 2352 libet
1241 2318 1393 2362 invexit,
1415 2330 1629 2364 quamquam
1658 2326 1692 2353 ct

1004 2371 1111 2416 jus-a!
1128 2383 1209 2405 cum
1234 2369 1428 2406 oxoniensi
1451 2377 1485 2404 et
1514 2382 1585 2405 uno
1610 2372 1692 2404 Ya-

1013 2422 1128 2457 ticano
1150 2422 1308 2464 volebat3
1330 2434 1395 2467 ego
1417 2424 1499 2456 lai-c!
1524 2423 1691 2457 revocavi.

1013 2474 1131 2510 Livius
1147 2489 1154 2510 :
1173 2491 1189 2505 ‹-
1209 2476 1482 2521 impetratoque,
1502 2483 1540 2509 ut
1560 2489 1690 2510 mane-

1014 2542 1032 2558 »
1051 2535 1148 2571 rent,
1163 2527 1284 2563 datum
1296 2554 1306 2570 ,
1320 2534 1358 2562 ut
1371 2527 1525 2562 triduum
1538 2536 1689 2573 quotan-

1015 2596 1032 2611 »
1051 2582 1102 2616 nis
1116 2583 1252 2625 ornati,
1269 2594 1349 2616 cum
1366 2589 1470 2616 cantu
1488 2590 1591 2627 atque
1609 2581 1684 2623 hac.

1015 2649 1033 2664 ›-
1050 2647 1128 2679 quoe
1154 2646 1248 2669 nunc
1268 2633 1433 2669 solemnis
1455 2642 1525 2678 est,
1554 2634 1695 2669 licentia

1015 2701 1032 2717 ›-
1050 2699 1113 2732 per
1128 2686 1252 2721 urbem
1279 2694 1500 2730 vagarentur.
1519 2702 1536 2716 ι·
1555 2687 1695 2721 Secun-

1014 2738 1100 2775 dum
1120 2738 1367 2781 Plutarchum,
1389 2739 1421 2773 id
1444 2739 1624 2774 decretum
1642 2747 1693 2774 est

1014 2803 1035 2827 ε
1049 2797 1173 2827 senatu
1186 2816 1197 2834 ,
1216 2793 1354 2835 ἱυομίύι
1370 2816 1379 2834 ,
1397 2797 1451 2833 τὴν
1475 2795 1585 2841 §pipo
1611 2793 1691 2825 Ini-
