1826 3054
547 266 949 313 FASTORUM
985 267 1121 311 LIB.
1157 269 1195 311 1.

230 365 430 429 Praeceps
455 361 660 410 occiduas
681 360 755 410 ille
779 361 948 409 subivit
969 379 1118 427 aquas.

167 445 462 492 INSTITERINT
482 441 622 487 Nouae
648 458 657 486 :
682 437 805 487 missi
828 437 911 486 tibi
934 436 1133 486 nubibus
1156 437 1262 486 atris

1487 438 1589 486 '315

232 519 365 582 Signa
389 517 559 565 dabunt
582 516 746 565 imbres
761 553 773 573 ‚
796 516 1019 564 exoriente
1040 516 1167 582 Lyra.

169 599 413 662 QUATUOR
436 591 545 642 adde
571 594 663 642 dies
686 594 831 641 ductis
855 613 905 642 ex
929 593 1084 642 ordine
1107 593 1277 651 Nonis3

233 675 375 722 Janus
398 671 588 736 Agonali
610 671 707 720 luce
732 671 922 738 piandus
945 671 1040 719 erit.
1282 673 1283 676 ’

170 752 375 801 Nominis
399 770 492 799 esse
513 762 640 817 potes
665 750 915 799 succinctus
941 767 1071 797 causa
1095 749 1321 807 minister,

235 830 395 877 Hostia
423 827 637 877 caelitihus
663 847 752 893 quo
774 827 957 875 feriente
982 826 1127 884 cadit;

1531 841 1598 874 320

173 906 265 970 Qui
288 906 431 955 calido
454 907 634 954 strictos
658 906 878 953 tincturus
902 903 1114 967 sanguine
1139 902 1330 961 cultros,

170 1017 385 1060 -Proeceps‚·
405 1014 567 1062 Hyginus
584 1014 624 1048 P.
638 1013 681 1048 A.
695 1013 750 1049 111
761 1040 771 1057 ,
787 1014 829 1048 28
841 1040 850 1057 ,

172 1067 377 1112 Sagittarius
394 1080 411 1096 «ι
430 1079 581 1112 praeceps
597 1065 722 1100 occidit
733 1091 742 1108 ,
765 1078 853 1100 exo—

173 1133 193 1149 »
205 1120 294 1154 ritur
303 1118 465 1153 directus.
478 1132 493 1146 »
505 1119 759 1160 —Quoeruntur,
780 1129 854 1150 non

173 1175 376 1216 querentur,
410 1170 540 1203 habent
555 1168 695 1214 plurimi
715 1182 723 1209 ;
749 1181 855 1213 quare

177 1222 301 1257 Heius.
325 1224 453 1255 subibit
477 1220 624 1254 mutavit
648 1221 683 1253 in
702 1222 834 1254 subivit.

222 1277 297 1310 315.
318 1277 412 1321 Lyroe
428 1280 524 1308 ortus
541 1273 720 1308 cosmicus.
739 1271 857 1305 Colu-

178 1327 281 1360 mella
291 1353 300 1370 ‚
315 1326 366 1361 IX
378 1352 387 1368 ‚
401 1339 418 1359 2
430 1352 439 1368 ,
458 1340 474 1354 «
488 1325 600 1359 Nonis
610 1322 786 1357 Januariis
798 1322 859 1356 Fi-

179 1393 197 1409 »
215 1379 266 1413 dis
281 1379 436 1412 exoritur
448 1389 551 1411 mane
568 1390 576 1410 z
593 1382 778 1420 tempestas
790 1388 859 1408 va-

181 1445 199 1461 »
218 1431 287 1469 ria;
308 1444 326 1459 »
337 1429 485 1472 Plinius,
495 1428 636 1471 XVIII,
650 1428 704 1470 26,
719 1440 792 1469 seu,
803 1427 860 1471 64,

179 1496 198 1512 κ
215 1481 334 1516 Pridie
346 1481 464 1516 Nonas
473 1480 619 1514 Januar.
634 1478 763 1514 Caesari
773 1478 863 1514 Del-

181 1550 199 1566 »
216 1534 344 1580 phinus
358 1533 532 1568 matutino
542 1531 713 1575 exoritur,
732 1538 767 1566 et
781 1543 863 1576 pos-

181 1603 200 1618 »
217 1595 294 1622 tero
303 1586 359 1620 die
372 1585 539 1620 Fidicula.
549 1599 566 1614 »ι
577 1603 620 1610 --
639 1585 861 1617 Institerint...

181 1640 296 1685 Lyra5
318 1637 430 1672 Nonis
445 1643 481 1671 et
500 1636 630 1670 imbres
648 1634 779 1669 cadunt
794 1660 804 1677 ,
827 1641 862 1668 et

181 1691 273 1738 Lyra
291 1689 456 1724 exoritur.
479 1688 531 1723 Ita
549 1694 668 1722 autem
691 1686 754 1721 bos
774 1685 862 1720 duos

179 1757 243 1778 vss.
259 1756 299 1777 ex
315 1742 409 1777 libris
423 1741 492 1775 suis
507 1740 704 1786 Naugerius
719 1746 755 1774 et
765 1739 861 1774 Nea-

180 1796 249 1842 pol.
262 1800 512 1840 expresserant.
527 1793 580 1828 lta
590 1798 626 1826 et
637 1791 734 1826 MSS
744 1791 864 1826 Petav.

181 1854 216 1882 et
232 1847 387 1893 quinque
405 1844 555 1880 Heinsii.
575 1843 706 1879 Sensus
730 1849 781 1878 est
803 1841 865 1877 sa-

181 1899 280 1940 cilis;
303 1897 412 1932 modo
437 1904 557 1931 teneas
581 1902 663 1930 ante
684 1897 868 1930 institerint

185 1948 517 1995 subintelligendum
528 1960 600 1982 esse
611 1950 661 1989 si,
679 1946 722 1980 de
736 1959 804 1992 qua
817 1946 865 1980 el-

183 2002 261 2047 lipsi
283 2001 352 2035 vid.
381 1999 524 2034 Cortius
554 1998 597 2033 ad
619 1999 757 2034 Sallust.
780 1998 863 2043 Jug.

190 2064 288 2095 xxm,
308 2055 327 2086 5
339 2066 347 2094 ;
362 2058 437 2086 tum
451 2077 461 2094 ,
478 2054 577 2094 stpna
589 2052 670 2084 dare
683 2063 755 2084 esse
768 2062 867 2095 graec.

187 2107 331 2141 Astron.
349 2107 560 2148 ἐπισημαίνειν
573 2129 582 2145 ,
604 2115 640 2137 se
659 2102 866 2147 ostendere,

187 2158 290 2200 oriri,
307 2155 402 2202 quod
418 2154 508 2200 apud
526 2154 669 2188 Gemin.
682 2154 868 2198 saepissime

187 2210 231 2245 de
249 2210 462 2254 tempestatis
478 2206 767 2241 vicissitudinibus
782 2207 870 2252 legi-

189 2269 258 2297 tur.
267 2261 377 2295 Locus
393 2265 515 2293 nostro
526 2257 722 2293 simillimus
737 2263 789 2291 est
801 2256 868 2300 lv,

190 2315 257 2361 904
267 2339 277 2357 ,
292 2313 459 2357 Signaque
471 2313 557 2345 dant
563 2312 696 2351 imbres,
707 2312 873 2343 exoritur-

189 2379 252 2411 que
264 2367 378 2400 Canis.
389 2364 458 2399 Sed
471 2364 610 2398 Taubn.
619 2363 718 2398 aliter
733 2362 872 2397 videtur

192 2419 230 2453 in
256 2417 436 2452 Addendis
453 2429 461 2451 ε
481 2429 543 2462 pro
566 2419 667 2450 missi
679 2414 785 2460 recipi
802 2426 873 2448 vo-

191 2470 284 2505 lebat
292 2472 389 2509 mitti,
399 2476 433 2503 et
442 2481 583 2503 sensum
590 2467 755 2503 constitui
764 2467 873 2501 hunc:

195 2522 233 2557 Si
248 2522 438 2557 institerint
455 2522 567 2556 Nonae
579 2547 589 2565 ,
604 2524 704 2564 signa
714 2547 722 2561 ‚
740 2519 871 2564 sidera,

196 2577 344 2615 dabunt,
369 2575 584 2621 por-tendent
601 2600 610 2618 ,
637 2586 734 2608 nunc
754 2577 875 2608 imbres

197 2629 293 2661 mitti.
308 2626 513 2662 Durissime.
530 2626 634 2661 Unus
652 2626 763 2660 Vatic.
776 2625 873 2670 isque

198 2678 350 2723 optimus
370 2691 379 2713 ς
401 2679 600 2714 obstiterint
616 2680 736 2713 imbres
754 2690 763 2711 :
781 2681 881 2712 missi

198 2732 263 2763 tibi
283 2732 423 2763 nubibus
440 2733 524 2764 atris
530 2757 539 2772 ‚
559 2722 662 2765 Nona
682 2733 781 2773 signa
803 2731 875 2763 da-

199 2785 282 2818 bunt
298 2809 307 2824 ‚
334 2785 500 2819 exoriente
523 2784 624 2828 Lyra.
651 2782 760 2829 Quod
777 2782 803 2818 si
824 2781 876 2818 his

331 2844 422 2891 VJ.

918 1013 1243 1059 interpunctionem
1274 1012 1415 1047 alterius
1443 1011 1600 1048 lectionis

920 1065 1002 1100 dare
1025 1066 1108 1100 velis
1122 1092 1131 1109 ,
1150 1066 1197 1100 sic
1214 1078 1353 1110 quoque
1375 1077 1518 1100 sensum
1537 1072 1601 1099 to-

919 1116 1100 1151 lerabilem
1129 1117 1255 1151 habeas
1271 1129 1279 1151 :
1296 1117 1324 1150 si
1340 1117 1470 1151 imbres
1485 1116 1600 1150 obsti-

922 1169 1049 1211 terint,
1068 1181 1138 1214 quo
1154 1170 1270 1203 minus
1287 1169 1357 1213 ipse
1376 1168 1477 1215 Lyrae
1493 1181 1602 1203 exor—

922 1226 998 1253 tum
1015 1233 1159 1254 cernere
1177 1220 1284 1265 possis
1301 1246 1310 1263 ,
1336 1233 1376 1255 ex
1392 1220 1503 1256 Nonis
1519 1233 1603 1255 eum

923 1278 1021 1316 potes
1032 1284 1250 1317 cognoscere.
1264 1273 1371 1306 Multi
1387 1272 1463 1307 cod.
1479 1273 1604 1318 quibus

923 1323 1034 1367 Neap.
1051 1336 1132 1357 usus
1145 1349 1154 1366 ,
1172 1325 1362 1358 Institerint
1374 1327 1494 1359 imbres
1510 1327 1611 1360 missi

922 1376 990 1408 tibi
994 1377 1136 1408 nubibus
1144 1378 1238 1415 atris,
1248 1377 1353 1409 Nonoe
1360 1380 1459 1420 signa
1467 1379 1606 1411 dabunt.

922 1426 1021 1460 —Ita
1032 1426 1067 1460 in
1080 1426 1198 1472 Regiis
1209 1428 1335 1462 nostris
1347 1427 1379 1462 A
1390 1434 1426 1462 et
1438 1427 1468 1463 C
1479 1443 1488 1470 3
1501 1436 1535 1463 at
1545 1441 1607 1463 co·-

924 1477 989 1512 dex
998 1478 1027 1512 B
1033 1504 1042 1521 ,
1050 1479 1155 1523 Signa
1165 1481 1295 1514 dabunt
1300 1482 1404 1514 Nonae
1410 1492 1422 1523 ,·
1428 1484 1541 1516 nisisi
1545 1484 1612 1516 tibi

923 1532 1066 1563 nubibus
1079 1533 1165 1564 atris
1179 1532 1369 1566 Institerint
1378 1535 1510 1567 imbres.
1522 1533 1589 1568 Ed.

968 1581 1042 1628 317.
1058 1581 1144 1617 Dies
1157 1582 1318 1618 Januarii
1330 1597 1456 1620 nonus.
1471 1587 1610 1630 Agonia

924 1633 995 1668 sive
1016 1634 1190 1678 Agonalia
1206 1635 1313 1670 etiam
1335 1650 1376 1670 ex
1392 1637 1610 1673 Kalendario

925 1685 1036 1719 veteri
1048 1686 1084 1720 in
1098 1685 1194 1721 diem
1206 1687 1367 1722 Januarii
1379 1690 1543 1734 quintum
1554 1691 1608 1724 in-

925 1738 1108 1783 cidebant,
1125 1740 1322 1775 secundum
1345 1742 1428 1777 alios
1451 1743 1488 1778 in
1512 1744 1609 1779 diem

926 1790 1117 1826 anteceden
1123 1794 1325 1828 tem—Pro
1338 1797 1448 1829 ductis
1459 1797 1609 1831 Putean.

927 1843 1066 1878 Arund.
1085 1850 1121 1878 et
1139 1843 1325 1880 duodecim
1342 1847 1399 1881 alii
1424 1847 1500 1882 cod.
1523 1850 1610 1883 duc-

926 1903 981 1932 tos
997 1910 1008 1931 :
1023 1910 1172 1943 eamque
1190 1898 1375 1934 lectionem
1395 1901 1611 1938 confirmant

928 1950 1034 1984 etiam
1047 1950 1069 1984 ii
1083 1976 1092 1994 ,
1111 1950 1170 1996 qui
1186 1953 1296 1986 dictos
1310 1959 1346 1987 et
1360 1954 1483 1988 ductas
1496 1963 1612 1990 noctes

930 2001 1114 2037 dederunt.
1126 2002 1338 2048 Agonalimn
1351 2005 1525 2051 originem
1538 2007 1612 2042 An-

930 2053 994 2088 tias
1007 2079 1017 2097 ,
1033 2054 1180 2099 scriptor
1195 2062 1351 2091 vetustus
1361 2083 1371 2100 ‚
1395 2057 1436 2091 ad
1453 2058 1611 2094 Numam

932 2104 1147 2150 Pompilium
1157 2106 1342 2150 retulerat;
1361 2108 1520 2145 Macrob.
1537 2110 1611 2147 Sat.

933 2157 950 2191 Ι
959 2182 969 2200 ,
988 2158 1019 2200 4.
1032 2158 1194 2194 Nominis
1204 2172 1321 2195 causas
1333 2160 1482 2198 Ovidius
1495 2163 1612 2208 plures

933 2208 1311 2246 reddit—Succinctus
1322 2217 1481 2255 minister,
1500 2228 1588 2261 popa
1601 2243 1611 2259 ,

933 2261 1155 2297 victimarius.
1163 2263 1246 2298 Duo
1254 2277 1352 2310 popae
1362 2266 1519 2311 aderant,
1530 2281 1614 2313 quo-

935 2325 1015 2347 rum
1032 2313 1119 2349 alter
1132 2313 1278 2350 feriebat
1293 2317 1470 2354 victimam
1483 2346 1493 2364 ,
1511 2321 1612 2367 alter,

935 2363 1117 2401 cultrarius
1143 2392 1154 2409 ‚
1191 2380 1388 2412 percussam
1425 2372 1615 2417 jugulabat.

937 2417 1054 2452 Ambo
1075 2426 1176 2454 erant
1196 2425 1376 2464 succendi,
1395 2423 1430 2458 id
1456 2432 1507 2459 est
1531 2426 1616 2462 limo

937 2477 1076 2506 tantum
1088 2472 1252 2517 pudenda
1265 2476 1345 2510 tecti
1356 2502 1365 2518 ,
1381 2483 1505 2513 caetera
1518 2474 1617 2517 nudi.

938 2522 1080 2557 Limum
1107 2524 1314 2562 Plutarchus
1334 2536 1434 2564 vocat
1459 2536 1617 2580 περίζωμα

939 2578 1110 2626 εὐπάρυφον.
1128 2577 1219 2613 Vide
1233 2578 1399 2616 Torrent.
1411 2589 1448 2617 et
1467 2581 1615 2620 Casaub.

939 2627 982 2662 ad
996 2629 1206 2664 Suetonium
1219 2657 1228 2674 ,
1248 2630 1357 2678 Calig.
1368 2633 1421 2669 32.
1434 2633 1618 2672 Caeterum

939 2683 1129 2716 succinctus
1157 2685 1308 2717 minister
1319 2711 1329 2725 ‚
1358 2698 1424 2731 pro
1450 2688 1618 2724 vocativo.

942 2731 1050 2776 Quod
1066 2745 1175 2778 quum
1191 2747 1265 2769 non
1277 2733 1501 2774 observarent
1513 2740 1622 2775 libra-

940 2783 982 2817 rii
992 2810 1002 2829 ‚
1015 2784 1115 2822 multi
1124 2791 1253 2831 potest,
1274 2794 1372 2833 rogat
1381 2797 1415 2824 et
1426 2794 1500 2836 agit
1510 2791 1620 2828 dede*

1393 2851 1404 2864 Ι

1379 2867 1406 2905 4
