1826 3054
552 187 940 231 FASTORUM
971 189 1099 232 LIB.
1140 191 1247 234 ΙΙΙ.

265 281 370 328 Fert
390 299 496 329 avus
516 299 526 328 ε
549 279 623 327 hic
647 281 762 328 scuti
785 279 957 329 dulcior
980 301 1088 330 usus
1113 294 1217 330 erat.
1265 296 1271 302 '

200 358 308 405 Inde
333 345 474 415 diem}
499 376 595 423 quae
618 357 786 422 prima,
809 376 928 407 meas
952 358 1170 407 celebrare
1194 359 1413 410 Kalendas

267 432 510 482 OEbalides
530 445 692 482 matres
713 453 806 481 non
829 433 920 482 leve
942 453 1104 483 munus
1126 435 1306 484 habent.

1552 455 1617 488 230

199 512 270 558 An
284 547 297 567 ‚
325 509 452 576 quia,
478 509 696 557 committi
718 510 883 558 strictis
905 512 1193 560 mucronibus
1214 531 1354 570 ausae,

262 588 488 636 Finierant
511 586 712 653 lacrymis
735 588 899 635 Martia
923 587 1043 636 bella
1065 588 1189 636 suis?

197 664 280 713 Vel
295 702 307 720 ‚
334 665 456 731 quod
481 677 572 713 erat
595 664 649 712 de
672 684 741 713 me
759 664 945 713 feliciter
963 664 1045 712 llia
1066 677 1227 722 mater3

263 742 366 790 Rite
386 741 542 790 colunt
567 754 728 790 matres
751 761 898 799 sacra,
922 742 1124 808 diemque
1147 761 1306 791 meum.

198 818 357 883 Quid?
381 818 501 885 quod
524 817 691 875 hiems,
715 818 925 884 adoperta
952 817 1079 881 gelu,
1111 838 1229 868 nunc
1262 819 1448 886 denique
1473 823 1613 881 cedit,

259 897 319 943 Et
341 908 530 962 pereunt
552 897 676 944 victae
699 895 793 943 sole
818 907 992 963 tepente
1014 896 1145 944 nives.

1550 917 1616 950 236

194 973 452 1021 Arboribus
474 973 660 1022 redeunt
685 973 878 1021 detonsae
899 973 1061 1035 frigore
1085 973 1291 1021 frondes:

263 1050 495 1117 Uvidaque
518 1070 542 1099 c
568 1063 716 1100 tenero
737 1050 917 1116 palmite
937 1069 1107 1112 gemma
1131 1062 1283 1098 tumet.

196 1127 398 1193 Quaeque
425 1127 502 1175 diu
525 1126 680 1184 latuit,
706 1146 824 1175 nunc
848 1146 920 1185 se,
947 1146 1033 1193 qua
1059 1127 1188 1175 tollat
1207 1128 1256 1175 in
1281 1148 1432 1187 auras,

195 1241 355 1286 amplecti
368 1268 378 1284 ‚
392 1254 462 1287 quo
475 1254 556 1277 cum
567 1242 674 1276 verbo
689 1241 868 1276 interdum

194 1293 439 1339 conjungitur,
462 1300 501 1327 ut
522 1300 680 1327 notatum
701 1292 744 1326 ad
762 1293 868 1327 Plinii

195 1346 262 1388 vl,
275 1345 340 1389 Ep.
356 1355 412 1378 vn
423 1371 434 1388 ‚
454 1359 481 1380 ι.
493 1344 648 1380 Affectus
657 1355 801 1379 avorum
812 1346 869 1389 ju-

193 1396 310 1432 cundo
323 1396 493 1442 figmento
511 1396 679 1442 proditur.
690 1415 736 1423 -
748 1398 868 1431 Scuto-

191 1461 261 1494 que.
275 1448 444 1483 Burman.
461 1447 617 1490 dubitat,
642 1454 762 1482 utrum
786 1461 866 1482 mox

190 1502 283 1535 scuti
291 1498 480 1544 legendum
495 1498 551 1541 sit,
569 1511 614 1532 an
629 1511 710 1533 cum
725 1499 867 1544 quibus-

191 1550 272 1584 dam
288 1553 405 1590 scutale,
420 1549 500 1595 quia
518 1562 600 1583 usus
613 1556 803 1594 utrumque
814 1564 866 1585 ca·

190 1614 268 1636 sum
279 1601 421 1647 patitur.
432 1619 476 1626 —
484 1602 661 1635 OEbalides
671 1628 680 1641 ,
699 1601 780 1646 quia
792 1600 865 1636 Sa-

190 1653 263 1687 bini
279 1667 320 1687 ex
334 1653 500 1698 opinione
519 1653 651 1698 vulgari
672 1665 781 1698 genus
798 1652 867 1687 du-

189 1706 314 1741 cebant
338 1719 357 1740 e
383 1704 654 1740 Lacedaemoniis
668 1731 678 1747 ,
711 1718 866 1750 quorum

190 1771 251 1792 rex
266 1757 522 1802 antiquissimus
542 1758 693 1791 OEbalus.
714 1757 806 1791 Vide
821 1757 865 1792 ad

191 1811 207 1844 Ι
219 1836 228 1852 ,
247 1809 322 1843 260.
342 1808 508 1854 Quatuor
526 1817 645 1844 tamen
668 1809 765 1844 MSS
788 1810 822 1845 h.
841 1810 864 1844 l.

189 1864 330 1896 Italides
343 1861 484 1896 habent.
666 1901 669 1904 ,

235 1912 310 1946 231.
326 1911 364 1946 Si
381 1912 484 1957 paulo
502 1921 585 1948 ante
601 1917 680 1948 inde
693 1914 863 1961 interpre-

189 1964 285 2006 taris,
300 1971 497 2009 propterea,
509 1964 546 1999 hi
558 1964 630 1999 duo
642 1979 759 2001 versus
773 1969 864 2003 An...

189 2019 261 2049 suis
272 2015 380 2050 otiose
390 2014 498 2049 additi
508 2024 600 2051 sunt.
609 2016 734 2051 Malim
746 2019 865 2064 igitur,

188 2071 282 2108 inde,
305 2069 348 2103 ab
362 2068 422 2102 illo
439 2075 608 2113 tempore.
624 2069 705 2103 Jam
725 2069 781 2105 hic
790 2070 863 2105 du-

188 2121 288 2163 bitat,
300 2127 420 2155 utrum
432 2120 466 2154 id
476 2120 606 2156 sactum
617 2122 673 2164 sit,
689 2122 768 2166 quia
785 2135 867 2157 mu-

189 2171 290 2206 lieres
305 2175 472 2207 committi
483 2179 547 2207 etc.
565 2185 609 2206 an
624 2179 767 2218 propter
783 2173 865 2207 Ro-

190 2223 277 2258 muli
288 2231 425 2270 partum
436 2237 476 2258 ex
491 2224 565 2259 Ilia.
576 2224 717 2259 Etenim
730 2239 775 2259 an
787 2239 866 2271 pau-

190 2275 222 2309 ci
241 2282 378 2311 tantum
393 2275 491 2310 MSS
508 2275 660 2316 habent3
677 2276 792 2310 caeteri
807 2283 871 2311 aut

192 2326 366 2362 exhibent.
380 2347 425 2353 —
435 2329 619 2368 Commt'tte‘,
641 2341 676 2362 se
696 2329 867 2363 commit-

194 2384 288 2420 tere,
306 2390 342 2411 se
362 2378 493 2413 inferre
519 2379 612 2413 inter
630 2379 767 2414 strictos
787 2380 868 2426 gla-

194 2427 279 2462 dios.
288 2447 333 2454 —
342 2429 463 2469 hm,
481 2432 631 2475 diemque
643 2444 748 2465 meum
757 2458 766 2471 ‚
789 2432 868 2477 pri-

195 2491 296 2512 mum
310 2480 438 2514 mensis
451 2493 471 2514 a
487 2493 545 2514 me
559 2481 641 2515 dicti
661 2482 755 2516 diem
770 2509 780 2525 ‚
798 2495 869 2528 quo

196 2530 282 2564 mihi
304 2543 398 2565 sacra
413 2531 490 2565 fieri
511 2531 650 2567 debent.
667 2533 869 2568 Secundam

196 2582 302 2627 igitur
313 2594 450 2616 causam
462 2594 537 2618 nno
549 2595 650 2618 versu
666 2585 788 2629 attigit.

241 2635 315 2668 235.
328 2633 448 2668 Tertia
458 2647 558 2670 causa
574 2648 583 2669 z
597 2650 615 2665 ι
632 2636 809 2681 Tempore
817 2636 871 2670 se-

201 2699 218 2714 »
237 2685 354 2720 cundo
371 2698 449 2730 pars
462 2694 513 2721 est
527 2694 704 2723 matronas
717 2687 873 2723 fecundi-

328 2753 419 2798 VJ.

935 1256 953 1271 »ι
973 1248 1081 1276 tatem
1097 1242 1254 1287 precibus
1269 1255 1451 1288 exposcere
1463 1257 1483 1278 a
1499 1245 1613 1280 Juno-

935 1305 953 1321 υ
970 1304 1028 1326 ne.
1039 1291 1164 1326 »Cum
1173 1292 1237 1327 hac
1246 1306 1362 1328 vernae
1371 1294 1615 1331 vicissitudinis

936 1342 1167 1389 descriptione
1185 1343 1227 1379 εί
1243 1345 1285 1389 Ι,
1305 1347 1362 1381 151
1379 1359 1454 1392 sqq.
1470 1347 1617 1394 Singula

932 1406 1030 1428 nunc
1042 1394 1134 1429 bene
1146 1393 1279 1429 delecta
1290 1408 1309 1430 e
1323 1397 1468 1431 consilio
1482 1406 1608 1443 poetae,

932 1444 1083 1479 suaviter
1102 1444 1208 1479 etiam
1229 1453 1362 1481 ornata.
1378 1465 1422 1474 —
1440 1449 1616 1494 Adoperta

927 1499 1015 1541 gelu,
1032 1485 1180 1542 glacialis
1189 1498 1288 1543 Virg.
1299 1498 1612 1537 dicitur.·—-I·1iems

930 1551 1004 1593 jam
1013 1549 1117 1588 febr.
1128 1549 1184 1584 die
1198 1551 1348 1596 septimo
1360 1554 1476 1587 cedere
1488 1554 1614 1589 crede—

929 1601 1052 1645 batur,
1065 1601 1126 1637 sed
1136 1615 1225 1648 saepe
1235 1605 1436 1639 recurrebat
1449 1620 1458 1647 3
1471 1606 1521 1649 11,
1538 1609 1614 1650 150,

931 1654 1005 1698 854.
1023 1654 1240 1695 Recurrebat
1250 1656 1371 1700 etiam,
1384 1664 1526 1692 auctore
1539 1657 1612 1693 Co-

929 1705 1085 1750 lumella,
1096 1706 1291 1742 identidem
1306 1720 1370 1752 per
1384 1714 1499 1742 totum
1512 1709 1613 1744 Mar-

931 1758 1032 1792 tium.
1046 1777 1092 1784 —
1107 1760 1254 1794 Pereunt
1262 1762 1377 1799 w'ctoe,
1392 1759 1591 1805 liquescunt
1601 1789 1612 1805 ,

930 1810 1191 1846 contabescunt.
1212 1812 1326 1845 Perire
1347 1810 1397 1845 sic
1416 1810 1461 1845 de
1476 1811 1616 1848 nivibus

934 1862 1042 1896 etiam
1059 1861 1208 1905 Plinim,
1221 1862 1238 1896 1
1249 1887 1260 1904 ,
1276 1861 1341 1907 Ep.
1357 1873 1424 1904 xv,
1442 1875 1472 1895 α.
1488 1863 1531 1897 In
1548 1876 1614 1910 sqq

933 1921 1013 1948 ante
1024 1913 1148 1953 ,oculos
1163 1913 1322 1948 habuisse
1337 1912 1476 1948 videtur
1487 1915 1613 1951 Horat.

930 1964 987 1998 IV
998 1990 1009 2008 ‚
1021 1963 1093 1998 Od.
1105 1975 1163 1999 vn
1174 1977 1183 1999 τ
1196 1979 1214 1995 κ
1223 1963 1408 2010 Diffugere
1424 1966 1521 2001 nives
1535 1981 1543 2001 :
1555 1981 1614 2002 re-

931 2030 950 2046 »
966 2015 1077 2053 deunt
1091 2017 1165 2061 jam
1181 2017 1340 2063 gramina
1363 2018 1493 2063 campis
1505 2045 1515 2061 ,
1531 2020 1612 2060 Ar-

932 2080 951 2097 »
968 2066 1179 2112 boribusque
1202 2080 1322 2103 comae.
1341 2083 1359 2098 ³·
1372 2087 1416 2095 —
1429 2070 1529 2105 Bene
1542 2073 1610 2105 de-

928 2122 1033 2151 tonse
1037 2117 1178 2163 frigore,
1193 2121 1386 2164 presertim
1396 2122 1613 2166 quumsron-

931 2169 992 2204 des
1010 2182 1100 2215 sepe
1119 2184 1202 2206 cnm
1225 2185 1327 2207 coma
1349 2183 1611 2219 comparentur.

933 2234 951 2249 «
968 2220 1087 2255 Tonsa
1102 2221 1191 2255 oliva
1210 2237 1229 2252 ιο
1243 2224 1364 2270 virgil.
1379 2224 1508 2270 Georg.
1529 2227 1585 2261 111
1599 2253 1610 2270 ,

932 2284 987 2306 20.
1002 2272 1168 2307 Deterius
1185 2285 1267 2319 ergo
1280 2274 1315 2308 h.
1330 2274 1351 2308 l.
1378 2275 1526 2309 aliorum
1542 2290 1611 2310 ex-

931 2335 1037 2357 cusse
1047 2329 1098 2357 est
1110 2348 1120 2365 ‚
1134 2322 1228 2368 quod
1245 2324 1369 2358 Heius.
1387 2325 1543 2370 pluribus
1559 2327 1620 2362 il-‘

931 2374 1226 2409 lustrat.—Etiam
1240 2378 1350 2418 uvida,
1366 2389 1494 2422 nempe
1506 2391 1525 2411 a
1535 2391 1608 2414 suc-

932 2427 979 2461 cis
992 2453 1002 2470 ,
1018 2426 1109 2460 bene
1122 2438 1157 2459 se
1170 2425 1273 2459 babet
1282 2452 1292 2468 ,
1306 2438 1421 2471 neque
1432 2428 1468 2462 in
1483 2431 1608 2471 vinda,

933 2478 1027 2523 quod
1046 2478 1168 2512 Heius.
1185 2490 1204 2512 e
1220 2475 1316 2512 libris
1329 2479 1504 2515 nonnullis
1518 2494 1612 2527 prae—

931 2530 1066 2565 serebat
1076 2556 1085 2572 ,
1103 2529 1444 2566 mutandum—Nec
1458 2533 1529 2567 scio
1539 2559 1549 2578 ‚
1565 2547 1610 2568 an

933 2583 1029 2617 idem
1051 2583 1129 2627 jure
1143 2609 1153 2625 ,
1182 2595 1396 2628 quamquam
1418 2585 1612 2620 multorum

936 2635 1034 2670 MSS
1052 2634 1276 2679 auctoritate,
1292 2637 1431 2680 gravido
1446 2637 1482 2670 in
1501 2645 1613 2672 tenero

935 2687 1134 2723 mutaverit.
1155 2687 1317 2722 Alterum
1328 2687 1523 2733 pleniorem
1535 2689 1615 2724 effi-

1386 2772 1432 2798 12
