1826 3054
530 264 933 310 FASTORUM
969 267 1105 310 LIB.
1140 268 1179 310 1.

149 358 334 424 Accepit
355 356 528 405 Phoebo
550 356 844 424 Nymphaque
873 358 1097 407 Coronide
1118 369 1270 406 natum

213 433 362 482 Insula
380 471 392 489 ‚
420 433 594 482 dividua
615 453 745 500 quam
770 435 930 501 premit
952 434 1091 482 amnis
1112 452 1237 500 aqua.

148 512 325 577 Jupiter
345 511 392 558 in
413 522 537 577 par-te
559 523 652 560 est:
672 510 789 578 cepit
812 511 938 560 locus
960 531 1079 560 unus
1100 523 1366 578 utrumque:

213 590 463 655 Junctaque
487 600 591 637 sunt
614 608 776 651 magno
799 589 963 656 templa
986 590 1164 656 nepotis
1186 609 1281 638 avo.

150 666 288 730 QUID
311 677 429 714 vetat
450 678 491 714 et
519 665 667 715 stellas
682 704 695 725 ‚
720 678 773 715 ut
794 685 980 733 quaeque
1002 666 1232 732 oriturque
1257 666 1487 732 caditque,
1508 679 1573 727 ⁹9⁵

214 742 369 791 Dicere
387 744 407 790 ?
429 744 636 809 promissi
657 762 759 810 pars
782 743 868 791 fuit
889 744 973 792 ista
994 742 1092 790 mei.

151 819 315 868 Felices
340 821 535 879 animos,
559 821 724 887 quibus
747 821 839 868 haec
862 837 1131 882 cognoscere
1154 820 1308 885 primis
1323 858 1336 878 ‚

216 898 356 962 Inque
382 897 743 966 domossuperas
768 897 977 946 scandere
999 915 1102 944 cura
1124 896 1240 944 fuit!

152 973 380 1023 Credibile
392 987 459 1024 est
484 975 587 1024 illos
610 977 777 1043 pariter
798 975 1004 1041 vitiisque
1030 973 1228 1040 locisque

213 1050 362 1100 Altius
383 1052 587 1101 humanis
606 1053 850 1101 exseruisse
871 1063 1019 1118 caput.

155 1155 236 1191 inde
261 1157 353 1192 dicta
369 1160 561 1203 AEscnlapii
574 1161 712 1200 e'nsula5
735 1158 834 1193 Sue·-

155 1214 228 1241 ton.
242 1207 367 1243 Claud.
383 1213 435 1244 25.
450 1229 494 1236 --
506 1212 658 1245 Dividunt
671 1218 737 1245 etc.
750 1210 835 1244 Me-

157 1268 238 1295 tam.
259 1261 292 1296 d.
315 1262 337 1296 l.
366 1278 383 1293 κ
411 1263 593 1298 Scinditur
616 1263 652 1297 in
678 1263 833 1309 geminas

158 1328 175 1342 »ο
191 1321 305 1359 partes
322 1315 547 1351 circumfluus
562 1316 673 1350 amnis
689 1328 698 1350 :
715 1314 832 1349 Insula

158 1379 175 1393 2·
192 1377 323 1399 nomen
334 1365 439 1400 habet
447 1392 457 1409 ‚
472 1367 692 1411 laterumque
703 1379 722 1400 a
733 1373 830 1411 parte

158 1432 175 1445 ›-
191 1416 343 1451 duorum
371 1418 523 1465 Porrigit
547 1419 694 1465 equales
714 1418 832 1453 media

157 1482 174 1496 ›-
190 1467 312 1503 tellure
328 1470 482 1505 lacertos.
495 1485 513 1500 2»
522 1489 568 1497 —·
581 1470 660 1505 Hoc
671 1470 748 1505 loco
754 1483 832 1514 pre-

154 1532 240 1553 mere
253 1529 304 1555 cst
318 1522 470 1574 cingere.
487 1540 531 1548 ——
543 1523 643 1557 Jovis
658 1521 832 1567 templum

154 1585 224 1606 nnn
237 1575 309 1612 die,
332 1578 404 1610 non
422 1582 540 1610 autem
556 1575 715 1620 ejusdem
729 1575 811 1610 anni
821 1601 831 1618 ,

153 1622 213 1657 sed
230 1624 342 1659 multo
356 1626 466 1661 serius
484 1634 561 1672 post
577 1626 708 1662 bellum
726 1626 834 1671 puni-

153 1681 235 1708 c‘um
243 1677 373 1711 secund
379 1690 452 1721 um,
463 1691 482 1712 a
491 1677 534 1713 C.
545 1677 692 1713 Servilio
709 1677 834 1712 duum-

155 1726 230 1761 viro
245 1727 443 1765 dedicatum
459 1737 520 1766 est.
538 1731 611 1765 Liv.
628 1741 760 1774 xxxnr,
781 1731 834 1766 53.

187 1782 261 1827 ²95·
270 1781 324 1816 De
331 1785 501 1817 stellarum
509 1791 583 1818 ortu
591 1790 755 1818 etoccasu
761 1783 834 1828 jam

156 1834 309 1878 primum
333 1835 513 1877 dicturus;
535 1836 715 1882 praemittit
738 1848 835 1882 prae—

156 1884 245 1919 clare
255 1888 371 1921 landes
379 1900 489 1922 eorum
498 1914 507 1928 ‚
520 1892 581 1933 qui
580 1891 688 1932 primi
690 1890 835 1922 siderum

157 1942 309 1970 naturam
319 1940 565 1983 Investigatam.
573 1938 763 1984 Triplicem
775 1951 837 1973 au-

160 1993 230 2019 tem
248 1994 418 2022 astrorum
437 1997 554 2024 ortum
573 1996 609 2024 et
629 1990 763 2025 obitum
781 2003 837 2024 as·-

162 2039 314 2072 tronomi
324 2039 835 2088 memorant,heliacum,quun'i

159 2089 239 2123 solis
253 2090 358 2126 radiis
368 2093 422 2127 vel
437 2101 668 2139 emerguntur
678 2121 690 2137 ‚
706 2094 760 2129 vel
777 2108 839 2129 oc-

160 2140 355 2183 cultantur;
372 2144 467 2179 unde
482 2145 614 2179 Plinius
627 2149 838 2179 emersionem

161 2198 196 2225 et
217 2197 472 2230 occultationem
495 2203 593 2231 vocat
617 2209 625 2230 :
647 2197 838 2232 cosmicum

160 2243 230 2277 scil.
246 2247 460 2281 matutinum
476 2274 485 2290 ,
511 2260 620 2293 quum
641 2248 733 2283 sidus
749 2250 839 2286 circa

161 2294 241 2330 solis
251 2304 369 2331 ortum
385 2299 499 2333 oritur
512 2306 572 2334 aut
585 2299 708 2334 occidit
721 2313 729 2334 z
741 2314 840 2335 acro-

162 2348 330 2395 nychium
338 2350 490 2396 denique
501 2351 571 2386 scil.
580 2354 817 2398 vespertinum
828 2380 839 2398 ,

164 2411 273 2444 quum
289 2401 384 2435 idem
406 2402 447 2436 fit
465 2403 554 2437 circa
573 2404 653 2438 solis
669 2417 838 2440 occasum.

163 2453 409 2488 —Pronissmn
416 2454 501 2489 illud
508 2455 613 2491 habes
622 2469 711 2491 vers.
723 2472 752 2491 a.
762 2460 842 2493 Pm-

165 2506 353 2548 aetlrsipars
366 2509 414 2540 sit
424 2513 459 2540 et
470 2509 540 2540 ista
552 2510 626 2542 inei.
642 2508 700 2542 Sic
717 2509 841 2544 Heius.

166 2567 207 2588 cx
229 2555 326 2591 MSS
347 2557 429 2592 Urs.
447 2558 546 2593 Voss.
565 2560 702 2596 Arund.
721 2560 818 2595 dedit
830 2588 840 2605 ,

166 2621 378 2654 quamquam
397 2610 469 2645 duo
495 2613 701 2657 posteriores
716 2619 751 2646 et
765 2616 843 2656 ipsa

166 2659 328 2694 exhibent
338 2661 496 2706 :plurimi
506 2688 515 2706 ‚
521 2663 848 2707 promis-siparssuit

166 2714 229 2746 illa
249 2716 319 2746 mei
322 2725 335 2754 ,·
360 2714 454 2758 quod
471 2716 595 2750 melius
614 2724 708 2762 puto.
731 2716 843 2751 Mits-

167 2763 272 2799 dierl.
289 2767 376 2801 uu'hi
392 2765 495 2803 habet
515 2779 580 2812 pro
602 2771 675 2803 mei.
695 2768 843 2803 Veteres

1514 1068 1581 1099 2⁸00

897 1156 1038 1202 quidam
1052 1161 1239 1202 propositi,
1268 1169 1340 1193 non
1351 1162 1520 1202 promesse'.
1536 1177 1580 1184 —·

897 1209 982 1244 Mox
996 1210 1155 1255 plurimi,
1168 1211 1299 1244 Felices
1306 1213 1437 1243 amine.
1451 1210 1578 1244 Nomi-

896 1262 1037 1295 nativus
1053 1273 1124 1294 non
1143 1261 1233 1295 male
1250 1274 1286 1295 se
1303 1261 1429 1302 haben
1453 1260 1579 1306 Virgi-

895 1313 962 1347 lius
973 1339 982 1355 ,
996 1313 1080 1346 AEn.
1094 1313 1147 1348 IX
1156 1339 1167 1356 ,
1180 1312 1245 1356 446
1255 1339 1265 1355 ,
1277 1313 1578 1347 Fortunatinrnbo?

898 1364 993 1398 Tum
997 1364 1124 1408 felices
1136 1368 1258 1398 aneneae
1270 1364 1305 1398 in
1323 1364 1531 1399 allocutione
1545 1372 1581 1398 et

897 1416 1146 1451 exclamatione
1170 1428 1259 1462 saepe
1285 1418 1455 1461 occurrit,
1485 1417 1579 1463 quod

900 1469 1069 1504 Heinsius
1091 1469 1204 1504 docet.
1231 1469 1303 1504 Sed
1322 1483 1419 1504 nunc
1443 1469 1487 1505 de
1511 1483 1580 1505 co-

898 1520 1087 1566 gnoscendi
1103 1519 1221 1556 studio
1236 1534 1352 1556 sermo
1369 1529 1440 1563 est;
1462 1522 1579 1568 itaque

897 1573 1025 1607 rectius
1053 1580 1139 1619 puto
1165 1577 1298 1608 animos
1315 1601 1324 1615 ‚
1358 1574 1452 1620 quod
1479 1575 1581 1610 Voss.

899 1626 1072 1661 Arundel.
1089 1626 1161 1661 duo
1175 1627 1377 1662 Faruesian.
1394 1632 1487 1663 unus
1504 1627 1585 1662 Va-

898 1679 1033 1714 ticanus
1054 1687 1247 1725 agnoscunt
1260 1706 1270 1723 ,
1294 1679 1390 1715 unde
1414 1681 1583 1715 Heinsius

899 1731 1042 1775 accepit.
1064 1731 1192 1765 Beatos
1205 1738 1323 1765 autem
1334 1730 1475 1765 cosdem
1490 1744 1583 1777 prae-

899 1780 991 1815 dicat
1003 1788 1039 1816 et
1049 1781 1183 1816 Plinius
1195 1808 1205 1824 ,
1219 1782 1254 1817 ΙΙ
1264 1807 1276 1824 ,
1294 1795 1329 1816 12
1342 1796 1350 1821 ;
1366 1797 1382 1811 u
1402 1782 1511 1817 Macti
1522 1783 1581 1816 in—

901 1846 919 1862 »
938 1831 1041 1878 genio
1058 1839 1129 1867 este
1141 1859 1151 1876 ,
1170 1832 1243 1867 cali
1260 1833 1470 1878 interpretes
1484 1859 1494 1877 ‚
1516 1847 1583 1867 re-

902 1896 1087 1928 »rumque
1113 1891 1250 1918 naturae
1277 1897 1417 1930 capaces
1433 1911 1444 1928 ‚
1473 1898 1584 1933 argu—

902 1950 919 1966 »
937 1936 1049 1970 menti
1073 1943 1272 1981 repertores
1289 1961 1299 1979 ,
1325 1948 1397 1980 quo
1421 1936 1584 1971 homines

902 2002 920 2018 »
938 1987 1102 2033 Deosque
1118 1988 1254 2034 vicistis.
1266 2004 1282 2018 ν
1301 1988 1370 2023 Eos
1387 1989 1491 2034 paulo
1502 1997 1583 2023 ante

900 2042 991 2074 viros
1004 2043 1157 2084 ingentes
1171 2046 1288 2083 vocat,
1302 2052 1475 2085 supraque
1486 2052 1585 2074 mor—

903 2090 1024 2124 talium
1041 2098 1203 2125 naturam
1218 2117 1228 2134 ,
1249 2091 1307 2135 qui
1324 2092 1517 2125 numinum
1532 2092 1585 2125 le-

901 2155 981 2187 gem
1004 2142 1314 2188 deprehenderint.
1337 2161 1381 2169 —
1407 2145 1478 2179 Pro
1501 2147 1585 2188 pri·
1631 2158 1634 2159 ⁷

902 2205 977 2227 mus
998 2193 1053 2227 alii
1070 2198 1225 2237 primum.
1243 2194 1429 2230 Farnesius
1449 2197 1484 2230 et
1501 2196 1585 2230 Ma-

904 2246 1040 2279 narinus
1056 2271 1066 2288 ‚
1086 2252 1253 2290 promtum
1269 2272 1279 2286 ‚
1309 2246 1403 2291 quod
1430 2247 1586 2292 placebat

904 2298 1055 2332 Heinsio
1072 2324 1082 2341 ‚
1110 2299 1197 2333 mihi
1225 2312 1311 2333 vero
1332 2312 1429 2340 non3
1456 2311 1586 2343 magno

904 2351 1001 2384 enim
1013 2349 1150 2393 studio,
1169 2358 1208 2385 ut
1223 2358 1259 2385 et
1272 2363 1367 2396 seqq.
1385 2351 1531 2393 docent,
1550 2349 1586 2384 id

905 2402 1048 2437 assecuti
1072 2409 1164 2437 sunt.
1182 2421 1228 2428 —
1243 2405 1284 2437 In
1308 2406 1425 2437 domos
1447 2414 1588 2446 superas

904 2456 1065 2488 scandere
1078 2479 1087 2493 ,
1108 2453 1222 2487 sidera
1242 2454 1313 2488 cali
1332 2454 1586 2499 contemplari;

906 2506 1031 2540 Horat.
1050 2505 1091 2548 1,
1118 2504 1190 2540 od.
1214 2516 1334 2540 xxvm
1347 2532 1357 2552 ‚
1378 2509 1398 2541 5
1411 2533 1421 2550 ,
1444 2506 1488 2541 de
1511 2506 1586 2541 Ar-

904 2558 1008 2605 chyta
1028 2584 1038 2602 ,
1066 2572 1084 2587 ⁸¹
1110 2557 1232 2592 Aerias
1257 2565 1407 2593 tentasse
1432 2554 1556 2594 domos
1575 2585 1586 2602 ,

907 2625 926 2641 ›·
942 2611 1132 2655 animoque
1155 2610 1349 2645 rotundum
1370 2611 1588 2652 percurrisse

908 2675 927 2692 υ
943 2662 1074 2708 polum.
1085 2676 1103 2691 »
1115 2661 1468 2705 consummatius,
1482 2663 1497 2697 1
1509 2689 1519 2705 ,
1536 2663 1588 2706 74.

905 2717 1060 2749 —Locis
1074 2717 1232 2750 humant}
1250 2719 1376 2750 exserit
1389 2721 1507 2759 caput,
1526 2714 1590 2759 qui

906 2780 981 2802 non
1007 2774 1146 2803 tantum
1172 2769 1331 2803 intuetur
1349 2795 1359 2813 ‚
1387 2768 1481 2812 quod
1506 2774 1588 2802 ante
