1826 3054
555 339 1139 425 PRAEFATlo
1221 376 1225 378 -

429 458 912 570 ⁴EDITIONIS
964 512 1283 569 PRIMAE.

164 774 379 881 Quum
409 807 589 863 Ovidii
622 808 1063 884 Metamorphoses
1084 808 1218 863 olim
1250 807 1523 863 edidissem
1549 849 1563 879 7

157 928 472 983 operamque
505 909 567 960 iis
600 909 891 982 impensam
934 929 1042 967 non
1083 908 1430 983 improbatam
1463 928 1570 962 esse

160 1007 282 1060 viris
307 1005 470 1060 doctis
496 1005 738 1061 vidissem
757 1027 819 1060 ex
838 1027 899 1060 eo
917 1048 933 1076 7
960 1007 1103 1083 quod
1123 1028 1288 1081 nuper
1307 1007 1466 1062 editio
1484 1007 1574 1060 illa

160 1106 296 1177 typis
310 1119 438 1157 esset
448 1103 722 1176 repetenda
735 1143 751 1172 7
769 1104 962 1177 placuit
978 1105 1204 1159 similem
1216 1125 1396 1159 curam
1409 1105 1575 1159 Fastis

163 1200 395 1274 ejusdem
422 1217 585 1274 poetae
613 1200 856 1255 adhibere
874 1243 890 1271 7
920 1203 1006 1255 cui
1032 1204 1250 1255 carmini
1277 1201 1576 1256 similitudi-

166 1319 290 1352 nem
304 1297 591 1374 quamdam
606 1317 729 1351 cum
746 1297 837 1351 illo
853 1299 1012 1357 altero
1031 1298 1342 1352 intercedere
1354 1315 1573 1352 constat.

163 1396 347 1473 Neque
364 1416 576 1470 operam
594 1396 751 1450 talem
775 1416 1146 1469 supervacuam
1166 1437 1181 1466 7
1210 1398 1396 1471 opinor
1412 1439 1427 1468 7
1457 1397 1575 1452 red—

163 1495 297 1550 didit
308 1496 542 1569 priorum
556 1494 837 1548 Editorum
852 1496 1017 1569 copia.
1037 1496 1209 1549 Immo
1228 1497 1407 1549 mirari
1427 1496 1547 1551 licet
1558 1537 1573 1566 7

164 1595 527 1649 suavissimum
562 1593 660 1647 hoc
691 1612 901 1647 carmen
926 1633 942 1663 7
982 1613 1078 1647 nec
1114 1593 1364 1648 illiberale
1391 1593 1458 1648 ad
1492 1615 1578 1649 co-

163 1691 520 1769 gnoscendum
533 1732 548 1761 7
568 1691 862 1766 neglectum
880 1690 1261 1765 propemodum
1281 1712 1387 1746 esse
1399 1692 1467 1747 ab
1482 1694 1544 1747 iis
1557 1734 1573 1762 7

164 1793 256 1868 qui
286 1791 488 1846 libellos
523 1806 759 1846 veterum
784 1791 841 1843 in
879 1789 1065 1843 scholis
1101 1789 1405 1846 lectitandos
1432 1812 1577 1866 sepa-

166 1892 320 1944 ratim
345 1889 637 1944 ediderunt.
675 1887 985 1963 Neglectum
1011 1904 1146 1958 certe
1171 1891 1329 1962 jacuit
1347 1891 1411 1948 ,in
1444 1889 1579 1945 Ger-

167 1989 343 2042 mania
379 1988 500 2042 inde
528 2007 559 2040 a
594 1987 874 2041 Tauhnero
918 2008 1083 2064 usque
1114 1987 1182 2042 ad
1215 2009 1275 2043 ea
1304 2004 1538 2063 tempora
1561 2031 1577 2060 7

166 2089 357 2164 quibus
369 2088 593 2142 Lenzius
606 2089 663 2140 in
674 2087 1075 2162 Encyclopaedia
1087 2086 1397 2143 Scholastica
1415 2104 1582 2162 partes

170 2187 421 2264 quasdam
436 2188 545 2261 ejus
557 2188 765 2260 ‘repetiit
780 2227 797 2257 7
818 2189 1057 2264 notisque
1076 2188 1349 2243 illustravit
1374 2211 1384 2240 :
1406 2189 1579 2243 Kreb—

171 2289 273 2341 sius
288 2302 461 2341 autem
476 2287 676 2360 primus
691 2285 795 2339 fere
809 2287 996 2339 exstitit
1011 2326 1028 2357 7
1055 2287 1151 2362 qui
1164 2287 1452 2341 versionem
1473 2288 1584 2359 ejus

171 2385 504 2441 vernaculam
529 2384 780 2459 vulgaret.
817 2383 1100 2459 Postquam
1145 2404 1365 2438 manum
1396 2384 1581 2439 admo-

173 2504 350 2540 veram
374 2485 517 2559 operi
538 2524 553 2554 7
576 2483 794 2559 cognovi
814 2481 1030 2559 quidem
1057 2480 1345 2536 Gesenium
1364 2522 1381 2552 7
1404 2482 1474 2536 V.
1503 2483 1577 2537 D.

176 2583 316 2639 idem
340 2586 447 2658 jam
466 2583 641 2638 moliri
660 2624 676 2653 7
706 2584 1069 2659 specimenque
1087 2582 1275 2637 laboris
1297 2584 1375 2637 sui
1393 2604 1581 2658 propo-

176 2684 369 2753 suisse3
401 2684 567 2739 nihilo
594 2699 768 2739 tamen
800 2683 975 2736 minus
991 2723 1006 2752 7
1042 2684 1293 2758 quoniam
1331 2684 1586 2742 rationem

300 2785 347 2830 V
347 2784 382 2827 I
382 2818 390 2827 .
1355 2797 1369 2823 1
