1826 3054
247 222 335 279 440

627 224 679 267 P.
714 224 954 269 OVIDII
991 223 1290 269 NASOMS

312 315 529 365 Cantabat
551 316 721 366 moestis
743 315 851 364 tibia
874 315 1119 365 suneribus.

1605 335 1673 367 mo

241 393 397 443 Dulcis
419 406 510 443 erat
532 394 730 443 mercede
752 394 904 451 labor;
932 407 1192 462 tempusque
1213 408 1413 445 secutum
1429 434 1441 455 ‚

309 471 445 535 Quod
467 471 619 520 subito
642 471 770 533 graiae
795 471 1015 534 frangeret
1039 472 1146 520 artis
1169 492 1297 540 opus.

242 547 369 598 Adde
392 548 513 615 quod
538 548 701 606 aedilis,
727 568 934 615 pompam
961 548 1037 615 qui
1059 548 1225 598 funeris
1250 550 1390 609 irent,

306 626 509 676 Artifices
534 626 658 675 solos
680 626 866 691 jusserat
886 643 980 676 esse
1005 627 1165 675 decem.

240 703 411 753 Exsilio
433 715 608 752 mutant
628 704 783 753 urbem
797 742 809 761 ‚
834 704 1065 771 Tiburque
1086 703 1321 754 recedunt:

1602 722 1670 755 665

303 781 520 830 Exsilium
546 781 738 847 quodam
767 792 965 848 tempore
987 780 1132 829 Tibur
1152 792 1272 829 erat:

241 859 469 924 Quaeritur
488 859 534 908 in
556 878 685 908 scena
709 878 809 908 cava
834 859 965 917 tibia;
993 859 1204 926 quaeritur
1223 859 1335 917 aris3

304 937 443 986 Ducit
463 956 696 1005 supremos
719 937 860 987 naenia
884 937 1006 987 nulla
1032 949 1166 987 toros.

239 1083 259 1099 ›-
277 1067 311 1102 di
337 1068 617 1115 decantandique
643 1070 699 1115 jus
724 1069 921 1105 tibicinibus

239 1134 258 1151 »ι
275 1120 444 1157 ademisse
465 1137 482 1151 ι»
507 1122 625 1158 refert.
649 1140 694 1149 —
715 1123 830 1157 Graioe
855 1136 922 1168 pro

235 1179 341 1218 grala-
363 1173 460 1208 dedit
478 1174 646 1210 Heinsius
668 1188 708 1209 ex
726 1175 896 1210 Patavino
909 1201 919 1218 ,

238 1224 354 1270 primo
366 1225 592 1270 Famesiano,
606 1226 776 1261 Mazarin.
786 1226 920 1261 Arond.

238 1277 492 1325 aliisque.—De
503 1279 609 1315 altera
621 1280 922 1325 causa,quamNo-

237 1338 309 1367 ster
321 1331 433 1367 adfert
445 1358 455 1375 ,
471 1332 574 1367 silent
590 1332 705 1368 caeteri
725 1333 920 1378 scriptores.

241 1384 328 1421 Erat
335 1385 388 1420 lex
396 1386 540 1431 antiqua
548 1385 591 1421 de
599 1385 781 1421 funeribus
790 1397 799 1420 t
809 1400 824 1415 «ι
836 1386 921 1420 Tria

242 1453 260 1468 ι»
278 1438 306 1473 si
329 1438 422 1474 volet
440 1439 582 1483 ricinia,
609 1447 644 1474 ct
669 1439 806 1474 vincula
830 1453 922 1484 pur—

241 1505 259 1520 ··
276 1503 390 1537 pure,
404 1497 440 1526 et
453 1490 575 1526 decem
589 1491 745 1527 tibicines
758 1518 768 1535 ‚
783 1491 923 1527 adhibe·

239 1556 261 1575 »
279 1549 326 1578 to.
344 1557 362 1573 ›-
380 1543 432 1578 Ea
451 1543 615 1578 translata
632 1551 685 1579 est
706 1543 742 1579 in
756 1544 830 1579 xll
849 1543 924 1578 Ta-

239 1595 337 1631 bulas
350 1608 433 1631 cum
451 1596 518 1631 hoc
535 1595 794 1631 additamento:
809 1611 826 1626 «
842 1596 924 1631 Hoc

238 1649 315 1695 plus
326 1661 372 1684 ne
383 1649 505 1691 saeit03
519 1664 537 1680 ι·
548 1650 696 1686 Verrius
704 1650 795 1686 Flac.
805 1650 841 1685 in
850 1662 924 1685 voc.

239 1705 413 1737 m‘cehmm
425 1729 433 1745 ,
456 1709 493 1738 et
504 1702 651 1746 Cicero,
668 1704 774 1750 Legg.
791 1704 827 1739 11
840 1729 851 1746 ‚
871 1704 924 1738 23.

242 1754 332 1790 Eam
352 1754 487 1801 legem,
504 1768 616 1801 quum
637 1756 726 1791 male
752 1756 923 1792 observa-

240 1814 340 1843 retur
353 1834 363 1852 ,
382 1811 493 1844 edilis·
514 1808 660 1855 quidam
684 1821 862 1845 revocasse
888 1815 926 1845 et

239 1873 360 1896 severe
370 1860 562 1896 exercuisse
574 1860 730 1896 videtur:
741 1860 925 1896 huncaedi·

238 1912 310 1948 Iem
326 1911 429 1949 fuisse
444 1912 600 1959 Appium
620 1912 811 1948 Claudium
828 1925 924 1948 anno

241 1978 274 1998 u.
292 1978 321 1999 c.
341 1966 407 2009 440
419 1991 428 2007 ,
448 1971 568 2000 censet
585 1965 741 2011 Pighius.
757 1964 922 2000 Gothosr.

241 2016 283 2050 ad
302 2016 406 2063 Legg.
424 2017 495 2052 XII
515 2016 627 2051 Tabb.
641 2016 808 2052 emendat
824 2017 924 2052 :Ad-

240 2073 282 2105 de
295 2096 303 2109 ,
322 2072 414 2115 quod
425 2072 547 2105 edic-112⁵·
559 2096 568 2110 ,
581 2082 708 2114 pompa
723 2073 784 2115 qui
786 2069 924 2113 funeris

239 2126 345 2161 erent.
367 2122 527 2169 Adfices
553 2124 646 2156 solos
666 2122 730 2166 jus
755 2126 831 2155 era!
850 2134 925 2156 esse

239 2177 361 2209 decem.
387 2174 569 2220 Improbat
594 2172 667 2208 haec
696 2174 924 2208 Burmannus

239 2225 321 2262 ideo
332 2251 342 2270 ,
354 2224 452 2272 quod
468 2227 578 2261 edicti
588 2237 722 2262 nomen
739 2238 924 2271 nunquam

242 2280 374 2326 legibus
398 2279 586 2316 duodecim
613 2281 724 2316 Tabb.
745 2280 923 2316 tribuitur.

238 2334 446 2378 —Poaepam
462 2345 527 2380 pro
547 2347 673 2377 pompa
687 2332 782 2370 dedit
799 2333 925 2369 Hein-

240 2386 311 2420 sius
330 2398 371 2420 ex
392 2385 516 2421 Ursini
532 2392 568 2421 et
592 2385 746 2421 Strouae
762 2385 865 2421 codd.
884 2393 924 2422 ut

240 2436 351 2472 simile
374 2437 418 2473 sit
446 2437 492 2472 illi
517 2441 696 2483 exsequias
711 2441 769 2473 ine.
785 2439 862 2484 lpse
886 2445 924 2474 et

240 2488 363 2525 suadet
374 2503 520 2535 pompe,
542 2496 582 2525 nt
602 2490 665 2537 ipsi
693 2490 853 2527 tibicines
873 2490 923 2526 in-

241 2540 451 2585 telligantur.

283 2591 360 2626 665.
388 2592 420 2627 Ε
448 2592 598 2629 discessu
622 2606 748 2629 eorum
773 2592 925 2630 Ovidius

239 2647 397 2679 exsilium
417 2645 517 2685 secit3
536 2652 571 2680 et
583 2658 694 2691 quum
715 2647 819 2681 Tibur
833 2646 922 2682 Latii

242 2694 411 2743 oppidum
437 2704 526 2732 esset
550 2697 714 2743 idemque
742 2710 923 2734 amoenum

243 2760 323 2783 tum
344 2747 422 2784 miti
444 2748 519 2785 solo
534 2775 548 2794 ,
568 2750 626 2785 ubi
646 2750 816 2787 Horatius
833 2750 925 2798 (11,

986 1068 1059 1105 Od.
1073 1081 1112 1103 Vt
1125 1095 1134 1112 ,
1152 1069 1194 1111 6)
1210 1067 1332 1104 sedem
1348 1076 1497 1104 senertae
1509 1082 1578 1104 suae
1596 1083 1668 1104 esse

987 1122 1142 1165 volebat,
1156 1130 1343 1168 propterea
1353 1122 1594 1164 mirabundus,
1603 1122 1670 1157 sor-

987 1187 1048 1210 san
1076 1181 1111 1209 et
1135 1187 1238 1209 suum
1265 1175 1357 1210 inter
1381 1174 1488 1210 Getas
1512 1175 1669 1210 exsilium

987 1226 1175 1273 respiciens
1186 1253 1196 1270 ,
1222 1227 1391 1262 exclamat
1406 1229 1577 1261 Exsilium
1605 1235 1669 1262 etc.

987 1279 1043 1314 De
1062 1279 1138 1314 loco
1163 1286 1281 1314 autem
1294 1306 1305 1323 ,
1332 1292 1403 1325 quo
1426 1287 1669 1321 recesserunt,

987 1332 1214 1367 consentiunt
1228 1331 1344 1366 Livius
1353 1339 1388 1367 et
1400 1331 1617 1367 Plutarchus.
1628 1350 1672 1357 —

987 1386 1028 1418 In
1049 1397 1152 1419 scena
1169 1398 1179 1418 .·
1198 1385 1373 1419 Demster.
1390 1384 1432 1419 ad
1459 1385 1579 1419 Rosin.
1599 1385 1670 1418 An-

989 1436 1048 1481 tiq.
1080 1437 1132 1472 III
1147 1463 1157 1479 ,
1188 1437 1254 1479 31,
1278 1436 1459 1471 contendit
1481 1435 1670 1481 legendum

987 1492 1023 1523 ia
1038 1502 1153 1526 cena.
1175 1489 1269 1535 quod
1286 1496 1322 1525 et
1338 1490 1477 1525 Marsus
1494 1490 1528 1523 in
1549 1490 1669 1523 Anno-

988 1549 1064 1578 tatt.
1082 1542 1186 1578 babet
1204 1557 1213 1582 ς
1231 1543 1343 1577 immo
1369 1542 1495 1588 repetit
1520 1541 1671 1576 Ovidius

989 1595 1160 1640 triplicem
1177 1595 1275 1631 illum
1296 1595 1388 1631 tibio
1406 1608 1530 1638 usum,
1562 1607 1669 1640 quem

989 1646 1061 1691 jam
1078 1659 1165 1681 vers.
1190 1646 1258 1694 659
1283 1659 1346 1692 sqq
1368 1647 1671 1681 commemoravit.

990 1698 1045 1733 De
1058 1697 1161 1743 hujus
1172 1711 1234 1733 usu
1247 1699 1283 1733 in
1300 1711 1403 1734 scena
1417 1698 1534 1734 Livius
1546 1724 1556 1742 ‚
1573 1699 1604 1732 V
1614 1699 1647 1734 11
1660 1725 1671 1740 ,

990 1766 1009 1787 2
1027 1764 1035 1786 :
1051 1766 1069 1782 κ
1089 1751 1267 1787 Ludiones
1282 1765 1322 1787 ex
1343 1752 1486 1787 Etruria
1510 1752 1609 1787 acciti
1626 1752 1669 1785 ad

989 1804 1139 1839 tibicinis
1154 1803 1279 1839 modos
1295 1804 1469 1839 saltantes.
1483 1819 1500 1834 ι·
1522 1804 1671 1849 Quam-

990 1869 1095 1901 quam
1112 1863 1147 1891 et
1163 1856 1198 1891 in
1219 1857 1328 1902 epulis
1344 1857 1415 1901 iam
1437 1856 1555 1902 pristis
1574 1863 1672 1891 tem-

989 1908 1133 1955 poribus
1140 1908 1390 1948 adhibebatur;
1406 1907 1533 1943 Cicero
1544 1935 1553 1951 ‚
1567 1908 1671 1943 Tusc-

990 1962 1028 2005 Ῑ,
1048 1966 1309 2006 a.—()uaer1'!ur.
1324 1961 1543 1997 desideratur
1555 1989 1565 2005 ,
1579 1962 1672 1997 abes-

989 2028 1024 2050 se
1036 2028 1118 2050 cum
1134 2014 1254 2049 dolore
1266 2015 1437 2050 sentitur:
1450 2013 1529 2049 vide
1541 2014 1584 2049 ad
1599 2014 1673 2049 Pli-

990 2066 1111 2109 nium,
1127 2067 1200 2109 x'l,
1220 2066 1285 2112 Ep.
1305 2077 1352 2109 ιι,
1378 2068 1590 2105 ι.-Νειι“α,
1614 2079 1672 2100 au·

989 2127 1085 2156 rtore
1105 2120 1210 2155 Festo
1222 2146 1232 2163 ,
1247 2134 1263 2150 «
1278 2132 1420 2155 carmen
1431 2146 1441 2164 ,
1453 2119 1547 2165 quod
1562 2120 1599 2154 in
1615 2120 1671 2153 su-

992 2187 1009 2202 »
1027 2186 1111 2207 nere
1130 2171 1294 2207 laudandi
1309 2172 1419 2218 gratia
1436 2178 1599 2207 cantatur
1627 2170 1670 2205 ad

990 2239 1009 2256 »
1028 2225 1157 2260 tibiam.
1179 2226 1347 2264 »—Ton·.·
1368 2225 1469 2268 lecti,
1487 2225 1523 2259 in
1545 2224 1671 2270 quibus

988 2278 1120 2314 mortui
1139 2277 1379 2313 efferebantur
1395 2290 1405 2312 ι
1420 2284 1455 2313 et
1471 2277 1508 2313 in
1529 2290 1602 2311 uno
1621 2277 1672 2311 su·

988 2343 1074 2365 nere
1086 2343 1174 2375 saepe
1189 2330 1304 2376 plures
1314 2330 1392 2365 lecti
1402 2328 1671 2373 adhibebantur,

989 2396 1203 2430 quamquam
1215 2383 1250 2419 id
1262 2384 1298 2419 in
1310 2384 1382 2420 xl!
1395 2383 1504 2419 Tabb.
1515 2383 1669 2429 probibi-

987 2442 1082 2471 tum:
1096 2450 1111 2464 ⁰-
1124 2435 1224 2471 neive
1235 2435 1363 2482 plureis
1374 2436 1479 2472 lectos
1488 2436 1583 2471 eudo
1597 2438 1671 2473 ser-

988 2495 1035 2524 to.
1051 2504 1068 2518 ›-
1094 2489 1134 2524 In
1158 2488 1282 2524 sunere
1305 2488 1462 2524 Marcelli
1493 2490 1671 2534 Augustus

986 2549 1167 2577 sexcentos
1177 2542 1331 2589 preferri
1342 2541 1450 2586 iussit.
1466 2542 1570 2579 Multi
1578 2551 1673 2590 vete--

987 2606 1068 2628 rum
1086 2596 1226 2629 cham:
1239 2592 1333 2640 quod
1352 2595 1483 2640 respuit
1500 2595 1668 2630 Burman.

988 2646 1068 2692 quia
1095 2646 1241 2692 prefici·
1264 2658 1336 2681 non
1360 2646 1485 2682 choros
1508 2647 1668 2692 egerintz

987 2697 1128 2744 prefert
1138 2698 1276 2734 Taubn.
1284 2699 1365 2744 quia
1373 2706 1463 2734 loros
1473 2699 1602 2735 ducere
1613 2699 1670 2734 ni-

985 2750 1033 2787 bil
1046 2750 1218 2797 significet
1234 2777 1245 2795 ,
1262 2763 1378 2797 neque
1394 2754 1515 2788 chorus
1529 2765 1670 2798 semper
