1826 3054
947 267 1501 291 mwmmmmmw

525 373 1018 432 EXCURSUS

168 524 302 613 IN
372 521 808 613 OVIDII
878 524 1392 616 FASTOS.

328 860 1226 919 EXCURSUSPRIMUS.

75 1095 121 1120 nr.
141 1093 266 1121 usus
285 1093 474 1127 nonnum
491 1095 538 1120 m·
559 1096 607 1120 ne
625 1097 746 1123 ausus
764 1095 949 1123 CARMINIS
963 1113 974 1131 ‚
987 1097 1147 1131 quon-m
1164 1097 1212 1123 11s
1230 1092 1502 1122 utus-rnAnms

441 1157 665 1194 vzasnun,
686 1158 856 1185 consum
875 1160 921 1185 m
943 1158 1122 1185 lui-uon.
1510 1143 1515 1149 ’

78 1258 167 1327 CO
177 1292 207 1326 N
218 1291 240 1327 S
251 1291 267 1326 1
278 1292 330 1328 LI
342 1293 374 1329 U
387 1294 426 1329 M
438 1319 449 1340 ‚
465 1280 585 1348 quod
599 1280 642 1328 in
658 1281 745 1329 hoc
761 1282 951 1330 carmine
969 1282 1275 1348 componendo
1292 1280 1504 1348 spectavit

71 1372 115 1408 et
130 1361 313 1410 feliciter
331 1375 561 1413 exsecutus
576 1376 642 1412 est
656 1364 844 1412 Ovidius
857 1402 868 1422 ‚
891 1364 1029 1412 totius
1046 1364 1148 1412 anni
1163 1364 1334 1412 romani
1350 1363 1500 1421 ferias,

72 1455 334 1510 caeterasque
350 1444 563 1494 fastorum
582 1446 836 1494 notationes
858 1445 912 1494 ad
936 1465 1088 1494 eorum
1107 1446 1305 1495 ordinem
1329 1446 1504 1512 poetice

70 1526 299 1574 enarrandi
319 1539 363 1575 et
378 1527 435 1575 ad
454 1546 608 1577 causas
631 1547 731 1577 suas
748 1529 983 1577 revocandi
1002 1529 1145 1595 ipsius
1162 1540 1304 1594 poetae
1322 1527 1503 1590 ingenio

72 1618 115 1654 et
135 1607 379 1656 inventioni
401 1610 461 1658 ita
484 1621 600 1658 certe
624 1609 775 1658 deberi
797 1610 971 1658 videtur
985 1649 997 1668 ,
1026 1623 1078 1659 ut
1100 1610 1318 1658 neminem
1334 1648 1345 1668 ,
1373 1629 1506 1676 quem
1552 1647 1555 1651 -

0 1680 1 1723 Ῐ
72 1690 127 1738 ab
144 1690 261 1738 omni
274 1704 398 1757 parte
411 1691 456 1739 in
472 1692 555 1741 hac
568 1711 614 1740 re
626 1693 1115 1760 praeeuntem·habuerit
1126 1730 1138 1751 ,
1154 1691 1350 1740 indicare
1365 1709 1508 1758 quea-

73 1792 183 1821 mus.
208 1775 293 1822 Est
302 1775 400 1823 haec
413 1775 460 1822 in
476 1775 776 1839 singularibus
798 1777 937 1841 hujus·
952 1788 1096 1843 poetae
1120 1774 1329 1824 laudibus
1344 1813 1358 1833 ‚
1377 1793 1509 1841 quam

0 1897 2 1925 ἰ
75 1854 180 1901 etin
193 1855 369 1905 heroica
387 1857 572 1923 epistola
592 1857 821 1906 condenda
836 1896 848 1915 ,
867 1859 1053 1906 maxime
1072 1871 1217 1906 tamen
1234 1857 1356 1906 haud
1377 1856 1511 1905 dubie

0 1940 3 1964 ἓ
76 1936 121 1983 in
151 1937 260 1984 Arte
284 1938 520 1995 amatoria,
546 1939 667 2004 quod
687 1958 860 1987 carmen
883 1939 1032 2006 quoad
1053 1939 1319 1988 inventionis
1338 1939 1513 1987 laudem

78 2017 198 2066 haud
218 2017 343 2066 sacile
362 2017 443 2065 ulli
461 2019 641 2067 carmini
662 2039 847 2068 romano
866 2021 1106 2070 secundum
1127 2033 1216 2079 est,
1241 2033 1434 2070 meretur
1459 2026 1488 2068 ¹.

143 2099 362 2166 Princeps
388 2100 587 2148 omnium
611 2100 747 2163 igitur
778 2100 833 2148 de
857 2101 928 2149 liis
952 2102 1090 2150 fastis
1104 2102 1290 2168 quaestio
1317 2119 1411 2150 esse
1435 2102 1513 2150 de-

78 2181 230 2239 bebit,
251 2193 296 2230 et
317 2193 391 2239 ut,
411 2181 623 2248 quicquid
645 2181 712 2230 vel
732 2182 827 2248 ipsa
844 2182 1085 2249 antiquitas
1103 2183 1157 2231 de
1180 2184 1235 2232 iis
1255 2184 1419 2241 tradat,
1442 2183 1512 2231 vel

79 2263 320 2326 fragmenta
345 2281 496 2312 eorum
518 2264 606 2312 huc
629 2263 734 2312 illuc
758 2265 1178 2324 servata‚.collecta‚
1205 2278 1250 2314 et
1271 2285 1294 2313 e
1318 2266 1512 2314 tenebris

80 2345 300 2393 vindicata
317 2345 574 2403 docuerint,
592 2359 790 2395 accurate
810 2359 853 2395 et
867 2346 1102 2409 diligenter
1114 2347 1359 2405 videamus,
1381 2367 1515 2414 quam

82 2427 278 2492 proxime
302 2427 356 2475 ad
380 2428 632 2477 institutum
656 2441 859 2477 nostrum
882 2429 1074 2496 pertinet
1106 2450 1116 2478 :
1148 2430 1282 2496 idque
1313 2430 1514 2496 inprimis

86 2527 223 2574 quum
249 2509 295 2556 in
318 2509 495 2559 duobus
517 2510 730 2559 fastorum
754 2512 988 2573 generibus
1011 2511 1242 2576 (histon‘cis
1260 2523 1303 2560 et
1320 2512 1514 2560 kaknda-

86 2590 193 2638 ribus
214 2589 281 2638 vel
304 2592 459 2654 sacris)
481 2592 606 2641 valde
628 2593 803 2660 quidem
826 2594 1009 2642 diversis
1024 2631 1035 2653 ,
1061 2612 1158 2660 quae
1183 2606 1327 2647 tamen
1348 2606 1516 2644 veteres

131 2709 142 2727 ¹
168 2707 275 2742 conf.
290 2708 478 2755 judicium,
495 2710 589 2757 quod
605 2711 648 2746 de
660 2711 766 2756 hujus
833 2711 900 2746 Vir
915 2725 1075 2749 summus
1092 2714 1287 2760 Bomgrerus
1308 2713 1346 2750 iu
1366 2715 1495 2750 Sabina
1506 2740 1514 2753 ,

90 2760 252 2796 carminis
277 2762 504 2801 aestimatione
526 2764 664 2811 egregie
690 2764 769 2800 tulit
834 2777 909 2810 pag.
927 2765 981 2808 4ο.
