1826 3054
479 233 895 285 FASTORUM
926 234 1060 276 LIB.
1098 234 1169 276 11.

183 328 366 395 Separat
387 325 552 374 indicio
573 325 648 392 qui
673 325 796 374 Dens
819 344 919 374 arva
941 344 1039 374 suo.

1456 235 1539 296 139

1471 341 1541 384 640

122 406 352 462 Termine,
376 404 466 452 sive
489 402 627 469 lapis,
654 403 743 451 sive
767 422 813 452 es
837 402 1039 451 defossus
1056 402 1102 450 in
1124 421 1230 465 agro

187 484 334 549 Stipes
357 482 412 529 ab
435 481 629 546 antiquis
644 518 656 538 ,
682 482 746 530 sic
769 499 948 547 quoque
968 499 1131 528 numen
1154 479 1303 528 habes.

123 562 186 608 Te
210 560 299 607 duo
326 559 493 607 diversa
517 558 689 607 domini,
709 577 793 624 pro
817 569 942 624 parte
969 569 1214 615 coronant;

185 638 387 703 Binaque
412 647 525 684 serta
550 636 633 684 tibi
648 674 659 693 ‚
684 635 877 702 binaque
901 635 994 684 liba
1014 634 1176 683 serunt.

123 717 212 763 Ara
235 714 287 761 fit
306 735 315 761 :
335 714 422 761 huc
445 714 593 775 ignem
616 726 743 762 curto
767 713 852 762 fert
872 712 1036 760 rustica
1060 722 1175 759 testu
1480 726 1546 770 6423

188 792 392 839 Sumtum
414 791 467 839 de
494 791 656 858 tepidis
676 791 774 858 ipsa
797 790 958 840 colona
977 790 1104 838 focis.

123 869 265 931 Ligna
286 887 415 917 senex
439 868 627 926 minuit,
652 869 914 935 concisaque
936 867 1157 917 construit
1178 864 1289 923 alte;

122 980 220 1015 malit
230 993 293 1025 per
305 994 369 1015 sua
389 982 403 1024 (
418 981 467 1015 illi
486 980 697 1016 solemnitati
714 994 802 1016 con·-

123 1032 317 1078 gruentia)
341 1040 401 1068 aut
420 1036 509 1067 bona
531 1036 644 1068 verba.
665 1035 803 1068 Verum

123 1097 223 1118 sacra
238 1092 381 1129 possunt
394 1092 429 1119 et
442 1099 513 1120 esse
524 1085 634 1120 fausta
647 1111 656 1128 ,
672 1084 782 1120 felicia
792 1113 802 1130 ,

126 1144 165 1170 ut
177 1137 293 1171 Tibul.
310 1138 344 1171 11
356 1163 365 1179 ‚
378 1148 415 1180 v,
431 1139 491 1181 82,
509 1153 526 1167 κ
541 1151 638 1172 sacer
650 1151 773 1173 annus.
786 1154 803 1169 u

127 1187 189 1221 Me
201 1201 283 1222 vero
292 1188 438 1223 offendit
448 1189 569 1223 durior
577 1196 699 1224 ususet
708 1190 804 1224 verbi

126 1239 286 1284 suffundi
297 1249 331 1275 et
342 1242 513 1287 praeposit.
520 1255 591 1286 per.
604 1242 736 1277 Sensus
750 1250 805 1277 ta-

129 1305 211 1327 men
234 1294 536 1338 apertus—Paulo
552 1301 632 1329 ante
649 1307 712 1340 pro
721 1308 802 1339 pre-

127 1348 345 1379 caturiaanu
352 1345 475 1380 Heius.
483 1358 594 1390 quum
604 1345 676 1380 duo
681 1359 805 1390 preca-

127 1402 203 1431 tura
216 1410 316 1431 nanu
326 1424 335 1436 ‚
362 1410 452 1431 unus
467 1411 588 1432 manus
602 1395 780 1433 exhiberet
791 1424 802 1442 ‚

128 1447 225 1483 dedit
232 1455 416 1493 precalurae
423 1462 552 1484 uanas.
565 1450 708 1484 Servavi
717 1449 784 1484 hoc
792 1476 802 1493 ,

128 1512 338 1545 quamquam
360 1501 608 1536 emendatione
626 1515 700 1537 non
717 1515 804 1548 opus

127 1553 255 1588 suisset.

169 1605 334 1651 639-684.
351 1607 636 1643 Terminah’aVll
653 1607 804 1642 Kalend.

127 1655 234 1690 Mart.
258 1657 375 1692 Numa
395 1658 526 1703 lapides
548 1659 632 1704 poni
658 1659 807 1704 jusserat

125 1707 161 1741 in
173 1721 336 1754 agrorum
351 1709 481 1745 finibus
492 1737 502 1755 ,
518 1712 578 1756 qui
586 1711 675 1745 sacri
690 1717 806 1746 essent

126 1759 207 1794 Jovi
216 1760 410 1796 Terminali
422 1788 432 1804 ‚
444 1770 479 1796 et
494 1776 590 1798 sacra
603 1762 805 1806 addiderat,

127 1825 203 1857 quae
220 1814 407 1858 quotannis
423 1814 480 1849 die
495 1822 585 1849 stato
599 1814 641 1849 ad
659 1815 734 1850 illos
748 1815 807 1849 la-

127 1864 225 1910 pides
243 1866 391 1908 fierent;
409 1867 492 1911 quin
504 1894 514 1910 ,
530 1867 684 1913 publicos
699 1868 807 1902 etiam

128 1929 229 1960 agros
238 1919 397 1953 terminis
408 1919 608 1964 complexus
619 1927 711 1961 erat;
723 1919 808 1954 Dio-

128 1980 205 2014 nys.
222 1969 258 2004 11
272 1995 282 2011 ‚
306 1982 379 2015 cap.
403 1973 453 2014 74.
478 1970 613 2006 Confer
630 1972 807 2007 Plutarch.

130 2019 239 2054 Num.
253 2033 325 2066 cap.
343 2021 395 2064 16,
411 2028 447 2055 et
458 2021 592 2066 Quaest.
601 2023 706 2058 Rom.
721 2031 807 2059 tom.

132 2072 204 2107 Vll
218 2099 228 2115 ,
242 2086 274 2118 p.
287 2073 329 2107 83
340 2088 349 2115 ;
362 2073 517 2109 Lactant.
529 2074 573 2109 de
584 2075 674 2110 Fals.
686 2076 764 2111 Rel.
775 2078 806 2120 1,

130 2134 178 2158 xx
191 2150 201 2167 ,
216 2124 256 2170 37
272 2138 346 2170 sqq.
357 2125 485 2160 Noster
495 2126 616 2161 Deum
627 2127 740 2173 ipsum
749 2155 760 2172 ‚
772 2135 809 2164 et

128 2175 231 2211 latius
244 2178 319 2221 ejus
330 2191 425 2212 sacra
435 2178 616 2221 describit,
634 2179 808 2227 hymnum

130 2227 268 2272 adjicit,
291 2231 523 2265 constantiam
543 2231 618 2275 ejus
638 2232 675 2266 in
699 2233 809 2267 resis-

129 2282 238 2317 tendo
256 2283 427 2327 celebrat,
453 2298 640 2331 precesque
662 2286 706 2320 ad
725 2300 809 2322 eum

129 2332 256 2369 fundit.
278 2335 417 2371 Desinit
439 2337 477 2371 in
497 2338 709 2373 Terminum
733 2339 810 2374 im-

130 2386 218 2428 perii
239 2389 387 2422 romani.

173 2437 249 2480 641.
265 2440 341 2474 Sive
352 2443 522 2485 Iapis-etc.
541 2442 698 2478 Lactant.
717 2457 734 2473 α
752 2443 811 2478 la-

132 2501 151 2517 »
169 2488 286 2533 pidem
299 2491 418 2527 colunt
430 2493 621 2528 informem
633 2501 736 2540 atque
748 2508 812 2529 ru-

134 2554 152 2569 »
169 2539 251 2574 dem
265 2567 276 2584 ,
291 2543 348 2578 eui
363 2557 496 2580 nomen
512 2553 565 2590 est
575 2547 777 2583 Terminus.
787 2574 811 2582 ..

135 2605 153 2621 »
171 2592 231 2636 qui
252 2592 351 2629 Deus
364 2608 438 2631 non
455 2605 593 2632 tantum
615 2598 701 2644 lapis
718 2626 727 2641 ‚
750 2599 812 2634 sed

136 2659 154 2674 n
171 2645 277 2679 etiam
286 2647 390 2692 stipes
406 2650 585 2686 interdum
600 2659 662 2686 est.
676 2667 692 2681 »ο
713 2650 815 2687 Con-

132 2695 187 2730 fer
205 2697 320 2732 Tibul.
338 2700 376 2742 1,
393 2711 406 2734 1
418 2727 428 2744 ,
449 2716 497 2736 ιι.
516 2704 592 2738 Hos
606 2704 697 2749 ipsos
714 2704 813 2739 Ter-

135 2748 251 2783 minos
261 2750 355 2786 Deos
367 2765 438 2788 esse
449 2754 638 2790 credebant
649 2769 656 2798 ;
668 2756 814 2804 Dionys.

867 986 955 1020 θωὺς
971 984 1111 1024 boffa-etz
1134 983 1201 1018 τοὺς
1222 980 1375 1029 tippulae.
1395 995 1441 1003 --
1454 977 1549 1012 Hinc

867 1032 1008 1068 additur
1022 1035 1075 1066 sic
1089 1045 1214 1078 quoque
1230 1038 1295 1066 etc.
1310 1031 1421 1065 vilitas
1437 1037 1550 1065 mate-

867 1084 929 1118 riae
942 1096 1016 1118 non
1031 1082 1191 1128 impedit,
1204 1095 1274 1127 quo
1284 1081 1403 1116 minus
1414 1094 1549 1115 numen

868 1136 995 1171 habeas
1011 1149 1019 1171 z
1037 1140 1088 1170 sic
1106 1149 1231 1181 quoque
1250 1141 1443 1181 agnoscunt
1460 1133 1553 1169 Got-

871 1188 985 1234 torph.
998 1196 1034 1223 et
1049 1196 1119 1223 tres
1129 1188 1184 1223 alii
1197 1202 1205 1229 ;
1222 1188 1337 1222 caeteri
1348 1214 1358 1231 ,
1370 1194 1407 1223 tu
1415 1199 1552 1232 quoque.

912 1241 988 1285 643.
1013 1240 1118 1275 Sacra
1135 1239 1298 1274 Termini
1314 1238 1500 1284 diligenter
1515 1245 1552 1272 et

868 1293 1022 1338 jucunde
1043 1293 1224 1338 descripta.
1239 1311 1284 1319 —
1300 1294 1381 1327 Duo
1404 1294 1548 1330 domini,

869 1357 1035 1390 agrorum
1059 1345 1239 1389 utrimque
1260 1356 1471 1390 possessores
1485 1369 1494 1386 ,
1518 1350 1551 1376 te

868 1403 1059 1440 coronant,
1075 1403 1223 1441 uterque
1235 1396 1271 1430 in
1283 1402 1383 1441 parte
1398 1407 1480 1441 agro
1489 1407 1552 1429 suo

869 1447 1022 1481 obversa.
1034 1447 1077 1482 In
1090 1446 1223 1481 trifinio
1235 1453 1305 1481 tres
1314 1445 1450 1482 domini
1456 1445 1552 1493 hunc

868 1498 1043 1540 honorem
1053 1499 1230 1535 habebant
1239 1499 1473 1534 θεῖα-Μὴ·
1483 1498 1553 1533 cul-

870 1559 947 1587 tum
960 1566 1034 1588 esse
1050 1553 1264 1587 Tei-minum
1282 1553 1389 1587 etiam
1402 1565 1422 1586 e
1433 1551 1458 1586 J
1461 1564 1552 1586 uve—

871 1605 940 1640 nal.
965 1605 1070 1641 Satir.
1094 1604 1187 1640 XVI
1198 1631 1208 1648 ,
1225 1605 1270 1652 39
1280 1631 1290 1647 ,
1316 1610 1469 1650 apparet.
1487 1605 1552 1638 Li-

875 1661 922 1693 ba
930 1659 1037 1704 igitur
1044 1665 1183 1704 praestat
1195 1657 1295 1692 alteri
1304 1657 1447 1692 lectioni
1455 1658 1557 1691 dona.

869 1728 914 1736 —·
929 1711 1024 1744 Bina
1042 1710 1192 1744 Lenzius
1209 1709 1343 1745 dictum
1358 1715 1458 1754 putat
1473 1721 1552 1754 pro,

872 1761 955 1796 duo.
971 1763 1065 1797 —In
1076 1769 1167 1796 testa
1180 1760 1266 1796 ferri
1279 1760 1438 1796 solebant
1455 1760 1555 1806 ignes

871 1822 932 1849 aut
946 1815 1124 1850 carbones.
1142 1815 1245 1850 Auct.
1260 1813 1303 1848 ad
1325 1814 1461 1849 Heren.
1475 1814 1530 1848 IV
1542 1839 1552 1856 ,

872 1868 912 1910 6,
925 1882 942 1897 ιι
955 1866 1029 1912 ipse
1045 1880 1065 1901 a
1079 1867 1201 1902 vicinis
1211 1879 1322 1912 quum
1330 1873 1417 1901 testa
1430 1865 1557 1901 ambu-

872 1933 891 1948 »
905 1918 980 1954 lans
1005 1919 1236 1954 carbunculos
1257 1924 1468 1964 col-rogaret.
1486 1932 1557 1947 ²³-

872 1971 968 2006 Tum
985 1978 1113 2006 curtum
1126 1971 1293 2016 frequens
1305 1984 1377 2006 esse
1390 1982 1553 2005 vasorum

871 2024 1052 2070 epitheton
1062 2024 1248 2069 {exemplis
1258 2023 1362 2059 docet
1374 2023 1555 2063 Heinsius.

871 2077 944 2111 Pro
964 2083 1055 2112 testa
1076 2077 1251 2112 veteribus
1278 2076 1386 2112 etiam
1404 2083 1492 2111 testu
1515 2076 1554 2109 in

871 2142 937 2165 usu
950 2128 1055 2164 fuisse
1070 2137 1209 2165 eertum
1226 2137 1287 2168 est.
1303 2129 1386 2164 vid.
1400 2128 1436 2165 h.
1446 2128 1469 2163 l.
1488 2141 1554 2164 an—

872 2181 1041 2227 tiquiores
1053 2183 1138 2218 Iutt-
1149 2183 1195 2219 Et
1205 2183 1254 2218 sic
1264 2183 1332 2218 hoc
1342 2182 1421 2218 loco
1429 2182 1554 2228 optimi

872 2234 974 2269 codd.
985 2247 1115 2281 magno
1123 2236 1482 2278 numero.—1'epidis,
1492 2234 1558 2269 sci-

872 2285 953 2322 licet
966 2299 1008 2320 ex
1023 2286 1104 2332 igne
1118 2287 1296 2323 hesterno.

917 2338 993 2384 647.
1024 2338 1079 2388 Cf.
1099 2353 1182 2375 eum
1200 2353 1264 2386 sqq
1287 2339 1378 2375 infra
1395 2340 1449 2382 V,
1472 2339 1555 2381 5063

875 2397 910 2426 et
927 2391 1024 2428 Vnt
1038 2391 1188 2427 Metam.
1198 2392 1262 2436 641
1278 2405 1352 2437 sqq.
1367 2391 1559 2427 Praeiverat

875 2444 1001 2489 Virgil.
1018 2443 1103 2479 AEn.
1121 2444 1157 2487 l,
1177 2446 1440 2491 ιγᾼ-Μίιιίὶ,
1463 2456 1558 2479 con—

874 2496 995 2542 fringit
1005 2522 1015 2539 ,
1033 2503 1074 2531 ut
1085 2496 1247 2533 boeviora
1261 2497 1343 2533 sint.
1362 2515 1407 2523 -
1418 2497 1503 2532 Alte
1516 2510 1558 2531 ex

875 2548 999 2583 'Ursini
1023 2548 1112 2583 libro
1135 2549 1226 2594 bene
1250 2556 1450 2595 receptum
1472 2562 1558 2584 nam

875 2607 966 2641 arte,
985 2600 1081 2646 quod
1106 2601 1161 2636 alii
1181 2600 1363 2644 exhibent,
1390 2601 1484 2648 ligna
1499 2602 1557 2636 illa

876 2668 948 2690 esse
960 2661 1172 2696 constructa,
1184 2667 1310 2700 parum
1324 2654 1488 2690 credibile
1504 2656 1557 2689 vi—

876 2705 989 2741 detur.
1016 2705 1220 2741 Altitudinis
1239 2708 1339 2741 notio
1359 2707 1445 2741 latet
1464 2713 1501 2741 et
1521 2706 1558 2740 in

875 2757 934 2792 illo
946 2758 1072 2794 Horat.
1086 2757 1200 2804 Epod.
1218 2758 1276 2800 11,
1293 2759 1336 2803 43
1347 2773 1393 2802 γι
1410 2759 1558 2792 Sacrum
