1826 3054
267 377 625 449 PUBLII
684 376 1015 447 ovum
1063 374 1499 446 NASONIS

532 530 1237 619 FASTORUM

463 709 737 766 LIBER
799 706 1296 765 SECUNDUS.

174 1074 218 1141 J
221 1106 364 1142 ANUS
385 1093 521 1142 habet
539 1092 698 1140 finem:
718 1111 819 1140 cum
842 1091 1030 1140 carmine
1055 1090 1213 1138 crescit
1236 1100 1280 1137 et
1301 1105 1442 1136 annus
1464 1107 1473 1134 :

242 1171 368 1220 Alter
387 1183 439 1219 ut
457 1171 559 1219 hinc
582 1169 743 1218 mensis
761 1206 775 1226 ‚
802 1169 864 1217 sic
885 1167 998 1216 liber
1020 1166 1130 1215 alter
1152 1178 1235 1214 eat.

177 1249 304 1297 Nunc
327 1248 517 1315 primum
540 1247 648 1296 velis
664 1285 676 1304 ‚
699 1246 827 1309 Elegi
844 1284 856 1303 ‚
880 1245 1122 1310 majoribus
1142 1244 1217 1291 itis
1236 1263 1247 1290 :

241 1326 487 1389 Exiguum,
508 1324 712 1382 memini,
737 1342 882 1390 nuper
901 1322 1031 1371 eratis
1055 1340 1182 1388 opus.

179 1404 306 1452 Certe
328 1423 410 1466 ego
433 1423 511 1452 vos
533 1403 672 1451 habui
694 1400 843 1450 faciles
867 1401 913 1448 in
937 1417 1083 1448 amore
1102 1397 1354 1453 ministros,
1571 1408 1592 1442 5

241 1481 394 1544 Quum
416 1479 523 1528 lusit
543 1479 738 1527 numeris
761 1478 904 1544 prima
922 1477 1099 1542 juventa
1121 1475 1227 1524 suis.

175 1556 298 1605 Idem
322 1576 442 1605 sacra
465 1575 573 1605 cano
591 1594 604 1614 ‚
627 1556 884 1623 signataque
909 1567 1107 1621 tempora
1127 1552 1298 1601 Fastis:

222 1671 318 1705 1-18.
327 1670 498 1715 Pmsalim
509 1682 577 1715 qua
587 1669 783 1715 argumenti
795 1669 849 1704 sui

174 1729 211 1757 et
223 1734 337 1768 operae
346 1723 550 1768 gravitatem
559 1720 798 1763 commendat,
814 1728 850 1755 et

176 1774 426 1809 Germanicum
442 1774 631 1819 propitium
643 1773 707 1808 sibi
722 1771 847 1807 reddit.

176 1826 229 1861 Ut
239 1826 295 1860 alii
308 1833 419 1871 poetae
432 1826 544 1873 lyram
553 1852 563 1868 ,
578 1826 626 1860 sic
639 1826 768 1860 Noster
779 1826 849 1858 ele-

174 1891 237 1922 gos
249 1891 328 1913 suos
343 1878 540 1923 alloquitur.
560 1878 707 1912 Initium
729 1883 848 1911 autem

177 1929 282 1973 hujus
297 1930 373 1963 libri
386 1956 396 1972 ,
418 1929 446 1964 si
468 1942 548 1964 cum
573 1928 644 1963 fine
662 1928 849 1974 superioris

178 1981 404 2026 conjungitur
418 2006 429 2023 ,
454 1986 633 2024 ταπεληεῒ,
652 1997 699 2005 —-
723 1981 852 2014 Crescit

179 2045 259 2066 cum
275 2031 446 2065 Mazarin.
466 2030 598 2066 Zutieh.
614 2033 714 2065 Voss.
728 2038 764 2065 et
779 2030 852 2065 aliis

179 2082 459 2127 nonnullis‚quos
467 2081 776 2117 Heimiussecutus
786 2087 852 2124 est,

179 2133 303 2168 melius
317 2133 463 2179 legimus
474 2159 485 2176 ,
509 2145 614 2178 quam
629 2139 760 2167 crescat
771 2145 859 2167 eum

179 2187 319 2231 reliquis
335 2201 343 2227 ;
379 2199 451 2220 non
480 2186 577 2220 enim
605 2185 678 2220 haec
702 2185 854 2230 optantis

180 2246 261 2274 sunt
274 2265 284 2282 ,
295 2239 355 2274 sed
367 2239 550 2273 narrantis.
560 2238 699 2272 ——Mox
708 2236 855 2282 Neapoli

179 2291 333 2337 placebat
343 2318 352 2334 ‚
368 2291 462 2336 quod
474 2290 635 2324 nonnulli
650 2289 858 2335 praeserunt,

180 2349 220 2377 u!
230 2346 260 2377 it
272 2346 405 2377 mensis.
423 2342 494 2378 Sed
514 2350 553 2377 ut
564 2346 595 2376 it
607 2342 783 2387 ingratum
802 2340 857 2375 es-

182 2394 254 2428 ficit
277 2407 403 2429 sonum
419 2421 429 2438 ‚
462 2401 565 2439 atque
580 2397 611 2427 it
629 2393 726 2428 facile
742 2398 858 2438 potest

182 2445 336 2491 intelligi.
354 2445 450 2490 Quia
465 2453 599 2480 veteres
620 2444 777 2491 plerique
800 2446 856 2478 hic

183 2495 324 2540 habent,
336 2503 518 2542 propterea
528 2497 696 2532 Heinsius
707 2498 787 2531 hinc
797 2495 854 2531 de-

186 2547 247 2589 dit,
256 2548 361 2594 idque
370 2550 461 2584 bene
475 2550 512 2584 in
522 2549 691 2596 principio
703 2549 857 2595 ponitur.

189 2599 308 2646 virgil.
323 2600 451 2647 θεοῖς.
467 2601 484 2636 1
498 2628 508 2645 ,
529 2603 548 2636 5
561 2627 571 2644 ,
598 2615 616 2631 «
633 2601 715 2636 hinc
730 2614 856 2636 canere

190 2666 208 2680 ν
223 2651 422 2696 incipiam.»
435 2652 552 2687 Livius
561 2679 571 2697 ,
584 2654 639 2697 11,
656 2667 668 2687 1
683 2680 694 2696 ,
711 2667 728 2683 κ
740 2652 858 2687 Liberi

192 2716 209 2730 ι»
226 2702 297 2746 jam
314 2702 396 2737 hine
410 2703 451 2739 P.
468 2704 511 2739 R.
527 2717 582 2739 res
597 2716 772 2750 peragam.
793 2718 811 2734 ν
826 2704 862 2738 It

193 2754 331 2798 mensis,
341 2754 427 2790 dum
436 2754 605 2800 dcem-rin
620 2759 649 2792 it
660 2756 759 2800 liber,
772 2755 858 2791 dum

913 1669 1147 1715 componitur.
1160 1686 1206 1694 ·—
1222 1668 1314 1702 Velis
1327 1665 1510 1709 majoribus
1519 1665 1567 1695 ire
1575 1688 1586 1701 ‚

914 1721 957 1756 ad
978 1721 1091 1766 majus
1107 1719 1312 1766 graviusque
1334 1729 1422 1761 opus
1437 1726 1591 1758 compo-

912 1773 1072 1809 nendum
1083 1769 1311 1806 adhiberiDe
1322 1776 1425 1813 tropo
1433 1766 1500 1801 hoc
1510 1764 1591 1799 vide

913 1824 957 1860 ad
977 1825 994 1859 1
1007 1851 1017 1866 ‚
1035 1826 1079 1866 4;
1094 1823 1148 1857 lv
1163 1823 1316 1863 Pont.v,
1337 1833 1350 1854 ι
1366 1846 1376 1862 ,
1394 1833 1412 1848 κ
1430 1818 1482 1852 lte
1498 1817 1590 1851 leves

916 1892 933 1907 u
950 1876 1038 1921 elegi
1064 1874 1181 1910 doctas
1207 1873 1250 1908 ad
1270 1871 1420 1907 consulis
1444 1882 1555 1905 aures.
1573 1882 1592 1898 ›-

914 1929 1032 1964 Etiam
1044 1926 1201 1962 hocloco
1216 1924 1359 1970 quidam
1373 1927 1420 1958 ile
1434 1933 1446 1963 ‚·
1463 1921 1523 1957 sed
1539 1920 1594 1955 al-

914 1975 1030 2016 terum
1046 1979 1171 2014 melius
1188 1985 1240 2013 est
1255 2004 1265 2020 ,
1290 1975 1385 2022 quod
1408 1975 1592 2010 observare

917 2036 1035 2080 elegos
1046 2034 1143 2079 jubet
1153 2059 1163 2077 ,
1181 2030 1264 2077 quid
1284 2029 1363 2075 ipsis
1373 2028 1595 2063 fiat—Eut-

913 2099 1015 2131 μω
1030 2097 1113 2129 opus
1122 2111 1131 2125 ‚
1151 2095 1222 2129 quo
1237 2082 1313 2116 leve
1324 2085 1571 2126 argumentum
1584 2104 1594 2119 ,

917 2151 973 2172 res
982 2137 1130 2178 ludicra,
1142 2140 1310 2170 tractatur
1320 2147 1328 2174 ;
1340 2132 1393 2166 VI
1405 2158 1415 2176 ,
1429 2145 1469 2165 υ
1481 2157 1491 2173 ,
1505 2131 1600 2164 modi

916 2190 1041 2232 exigui.
1059 2187 1178 2222 Etiam
1194 2184 1362 2220 Horatius
1374 2209 1384 2226 ‚
1401 2183 1479 2217 Art.
1496 2183 1595 2216 Poet.

920 2253 959 2285 77
971 2265 982 2282 ‚
995 2241 1134 2283 exiguos
1146 2239 1256 2282 elegos
1268 2242 1377 2270 vocat.

964 2291 996 2323 5.
1018 2291 1113 2324 θεώ
1130 2302 1191 2332 ego
1213 2287 1345 2332 recepit
1368 2285 1534 2320 Heinsius
1556 2296 1597 2318 ex

920 2340 1056 2375 duobus
1063 2339 1171 2375 MSS.
1185 2338 1314 2374 Cateri
1327 2339 1405 2382 lose
1412 2349 1522 2381 ego.—
1527 2337 1596 2370 Fa-

920 2396 1003 2427 ciles
1016 2419 1026 2433 ,
1053 2392 1284 2437 obsequentes
1298 2416 1308 2434 ‚
1334 2403 1371 2425 se
1388 2400 1597 2425 accommo-

920 2445 1043 2479 dantes
1056 2443 1143 2481 mibi
1158 2443 1195 2478 in
1212 2443 1389 2477 amoribus
1404 2440 1596 2476 cantandis.

918 2497 1094 2531 —Ludere
1106 2495 1150 2530 de
1165 2495 1377 2530 carminibus
1387 2504 1463 2529 non
1477 2493 1574 2528 seriis
1587 2506 1598 2535 ;

922 2547 1074 2590 Plinius,
1092 2546 1187 2582 VIII
1198 2572 1208 2590 ‚
1226 2545 1292 2591 Ep.
1307 2556 1392 2589 ιιι,
1410 2559 1430 2580 2
1441 2571 1452 2588 ‚
1467 2558 1487 2575 a
1503 2544 1598 2579 Gra-

922 2613 941 2629 »
958 2598 1053 2633 viora
1072 2610 1179 2644 opera
1199 2597 1328 2632 lusibus
1347 2596 1500 2642 iocisque
1519 2595 1597 2631 dis-

923 2664 943 2680 »
959 2651 1091 2696 tinguo.
1111 2665 1130 2680 ιο
1148 2668 1193 2677 ·-
1213 2650 1368 2684 Numenii·
1390 2651 1464 2682 suis
1476 2673 1486 2688 ‚
1513 2659 1598 2682 nam

922 2702 1117 2737 amantium
1131 2702 1167 2736 in
1182 2700 1303 2747 primis
1317 2712 1409 2736 cura
1425 2706 1460 2734 et
1477 2711 1606 2744 quere-

923 2755 965 2791 1ae
982 2755 1254 2793 includebantur
1269 2754 1382 2800 elegis.
1398 2773 1443 2782 -·
1457 2754 1606 2799 Szgrnaeta.
