1826 3054
561 232 634 276 IN
668 231 918 277 OVIDII
949 233 1252 281 FASTOS.
1530 239 1617 301 467

199 323 253 372 de
266 342 311 373 re
326 335 564 390 praemonet
583 324 660 389 (ΙΙ
672 301 736 382 ,⁴3
754 325 893 392 sqq),
911 338 954 374 et
974 346 1111 393 quum
1127 328 1358 377 Octaviani
1380 349 1621 394 cognomen

200 406 343 455 Patris
366 407 521 455 Patriae
546 406 789 455 canendum
811 419 899 465 est,
1154 402 1160 406 ’

354 532 452 577 Quid
470 533 561 567 volui
581 533 746 577 demens,
764 534 939 581 (clamat)
958 535 1061 582 elegis
1078 536 1261 583 imponere
1278 545 1416 574 tantum

420 593 592 629 Ponderis
606 621 615 638 ,
633 594 731 629 heroi
746 609 802 630 res
820 603 894 631 erat
913 597 975 631 ista
994 597 1101 642 pedis.

594 859 1071 917 EXCURSUS
1127 863 1220 918 ΙΙ.

226 1012 283 1040 ΠΕ
311 1011 533 1040 ΕΟΜΜΟΒΙδ
551 1031 562 1050 ,
590 1011 692 1047 QUAE
719 1013 774 1041 An
803 1013 944 1042 ovmu
972 1014 1400 1044 INTERPRETATloNEM
1424 1017 1450 1044 E
1472 1016 1602 1046 NOVIS

480 1088 734 1124 QUtBusnAu
764 1090 978 1120 Pnlsssinus
1005 1091 1341 1121 REDUNDARUNT.

200 1220 462 1290 PRAETER
495 1259 758 1303 magnorum
788 1240 984 1288 virorum
1017 1260 1166 1299 curas,
1198 1242 1362 1308 quibus
1386 1243 1534 1292 multae
1558 1262 1629 1292 res

198 1324 287 1371 huc
310 1322 580 1389 pertinentes
604 1322 775 1385 egregie
799 1321 1029 1370 illustratae
1052 1334 1187 1381 sunt,
1216 1323 1348 1372 aliam
1370 1324 1497 1373 fastis
1524 1344 1629 1373 con-

199 1405 349 1468 tigisse
380 1404 603 1452 fortunam
621 1441 634 1462 ‚
671 1423 725 1452 ex
755 1403 1004 1457 accessione
1035 1422 1252 1452 novorum
1289 1405 1595 1471 praesidiorum
1616 1444 1629 1465 ,

198 1486 307 1553 quin
329 1485 374 1534 h.
401 1484 429 1532 Ι.
458 1485 607 1534 statim
628 1485 866 1548 attingam,
897 1505 924 1534 a
951 1504 1136 1534 menon
1164 1486 1399 1553 impetrare
1427 1507 1625 1554 possum.

198 1568 304 1632 Quo
333 1567 448 1615 enim
481 1568 569 1632 jam
599 1566 768 1615 diutius
803 1567 961 1615 harum
992 1567 1217 1616 literarum
1249 1568 1442 1617 cultores
1471 1569 1628 1618 merito

198 1669 372 1699 omnem
396 1650 644 1715 abjecerant
669 1668 791 1715 spem
806 1687 817 1705 ‚
842 1649 965 1706 fore,
995 1662 1046 1698 ut
1069 1651 1233 1716 passim
1257 1651 1415 1699 rudera
1437 1651 1628 1715 ingentis

196 1732 316 1781 illins
337 1751 483 1781 rerum
507 1732 787 1798 antiquarum
810 1731 1028 1794 naufragii
1048 1732 1095 1780 in
1117 1731 1258 1780 lucem
1280 1746 1556 1793 revocentur,
1574 1754 1627 1783 eo

198 1833 300 1863 sane
318 1814 554 1879 jucundius
578 1814 763 1871 accidit,
788 1814 827 1861 si
851 1826 1009 1880 praeter
1031 1832 1203 1862 omnem
1228 1833 1349 1882 spem
1378 1828 1422 1865 et
1450 1817 1628 1883 opinio-

194 1915 297 1944 nem
319 1895 386 1943 vel
410 1896 516 1943 totis
545 1895 685 1944 literis
702 1934 715 1954 ‚
748 1894 816 1943 vel
839 1895 1123 1962 potissimum
1143 1896 1354 1962 peculiari
1376 1897 1511 1946 alicui
1534 1919 1627 1948 ma·

199 1979 341 2036 terias,
372 1978 420 2025 in
455 1997 542 2044 qua
571 1976 867 2041 elaboramus,
895 1996 947 2026 ex
970 1977 1325 2045 quibuscumque
1349 1980 1626 2046 antiquitatis

198 2059 452 2124 fragmentis
477 2059 567 2107 alto
592 2059 681 2107 situ
707 2059 882 2107 obrutis
904 2078 1062 2107 novam
1088 2061 1196 2108 oriri
1222 2060 1363 2109 lucem
1395 2062 1590 2112 videmus
1613 2084 1622 2111 :

198 2143 317 2191 unde
348 2143 474 2190 novis
506 2140 773 2190 testimoniis
797 2140 989 2206 scriptor
1010 2140 1278 2199 illustretur,
1312 2143 1622 2202 confirmetur;

198 2223 509 2291 explicationes
532 2223 626 2287 ejus
650 2221 795 2270 dubiae
819 2221 888 2270 vel
910 2222 1169 2271 adserantur
1190 2223 1257 2272 vel
1290 2236 1544 2283 mutentur;
1580 2239 1625 2274 et

198 2307 322 2374 quod
342 2304 739 2354 fructuosissimum
761 2322 863 2352 sane
883 2316 926 2352 et
942 2305 1351 2371 praestantissimum
1369 2319 1458 2366 est,
1480 2307 1623 2375 ipsius

200 2401 344 2437 textus
366 2389 453 2436 huc
475 2386 580 2435 illuc
601 2387 898 2441 constituendi
916 2406 1029 2434 nova
1049 2387 1246 2453 quaedam
1264 2388 1378 2436 ratio
1395 2388 1617 2455 adpareat.

199 2472 306 2519 Haec
335 2482 481 2519 autem
513 2469 560 2516 in
587 2480 790 2516 nostrum
822 2468 1080 2535 scriptorem
1112 2469 1355 2518 redundare
1391 2471 1623 2520 commoda

199 2551 389 2600 inventis
403 2564 503 2600 ante
515 2551 600 2599 hos
620 2549 777 2612 viginti
794 2561 961 2616 septem
977 2568 1117 2598 annos
1135 2549 1350 2598 fastorum
1371 2570 1594 2600 sacrorum
1610 2591 1620 2608 ‚

201 2652 316 2700 quos
337 2634 518 2682 Verrius
541 2633 898 2689 concinnaverat,
932 2631 1186 2693 fragmentis
1210 2633 1407 2698 quamvis
1430 2634 1621 2689 mutilis,

203 2715 394 2777 insignes
416 2735 569 2764 eorum
593 2715 639 2763 in
669 2713 820 2763 Ovidii
843 2713 952 2762 locis
980 2712 1247 2778 explicandis
1272 2727 1419 2780 partes
1449 2715 1622 2763 docent.
