1826 3054
556 241 960 286 FASTORUM
996 241 1127 285 LIB.
1164 244 1204 285 1.
1538 249 1588 289 51

177 340 391 395 Victima,
419 354 516 403 quae
538 336 691 385 dextra
710 335 868 384 cecidit
890 335 1067 384 victrice
1083 373 1095 394 ,
1120 347 1328 384 vocatur:

1535 355 1600 388 335

244 416 466 465 Hostibus
488 414 647 463 amotis
671 413 816 462 hostia
839 431 1002 462 nomen
1023 413 1173 462 habet.

178 496 295 544 Ante
310 532 321 552 ‚
347 494 469 541 Deos
491 491 664 540 homini
687 490 808 557 quod
833 490 1066 539 conciliare
1090 489 1276 548 valeret,

243 574 328 619 Far
350 582 467 627 erat,
489 581 535 618 'et
559 569 660 635 puri
685 568 830 617 lucida
853 568 964 616 mica
988 567 1104 617 salis.

180 648 393 697 Nondum
415 646 657 714 pertulerat
678 645 936 712 lacrymatas
960 646 1123 694 cortice
1144 645 1343 713 myrrhas

244 729 356 774 Acta
380 744 460 792 per
483 743 708 791 aequoreas
731 723 913 790 hospita
934 724 1060 773 navis
1082 744 1231 790 aquas.

1544 740 1584 784 3ρῇ
1591 751 1609 771 o

180 806 298 852 Tura
320 823 402 852 nec
425 803 677 869 Euphrates
691 840 703 859 ‚
724 821 806 851 nec
828 802 1009 850 miserat
1028 801 1157 849 India
1179 813 1352 850 costum
1366 837 1379 860 ,

245 884 337 931 Nec
361 881 536 929 fuerant
558 880 683 928 rubri
704 880 882 943 cognita
902 879 975 928 fila
998 879 1128 928 croci.

180 1004 342 1027 sermone
363 991 500 1036 poetico
512 1016 522 1032 ,
551 989 647 1024 aries.
665 988 757 1024 Vide
776 988 820 1023 ad
843 989 861 1023 I

182 1044 328 1078 Metam.
345 1043 598 1077 fitia—Betim
614 1044 737 1075 cecidit
746 1044 865 1075 victri-

182 1110 221 1131 ce
232 1124 240 1136 ‚
258 1097 301 1130 ob
316 1096 495 1130 victoriam
512 1101 645 1140 partam
662 1094 738 1128 Diis
753 1093 866 1128 osser-

185 1157 297 1185 tur.—
305 1150 438 1182 Amoris
451 1147 509 1180 ubi
527 1146 613 1180 nulli
630 1145 744 1179 hostes
761 1151 864 1188 sunt,

186 1210 341 1246 tempore
353 1199 453 1245 pacis.
464 1198 641 1232 Taubner.
652 1197 717 1232 hoc
729 1196 866 1231 divisim

185 1254 285 1289 scribi
298 1252 391 1294 vult,
408 1265 432 1285 a
448 1255 556 1285 mollit.

230 1306 291 1350 337
303 1304 410 1347 -456,
432 1304 607 1346 Dt'gresst'o
618 1328 626 1341 ,
657 1313 734 1346 ‘luae
750 1303 866 1335 hislo-

185 1363 269 1393 riam
282 1370 387 1391 terum
402 1358 482 1390 Diis
496 1355 740 1400 offerendarum
752 1354 868 1389 conti-

187 1417 248 1444 net
264 1424 272 1450 3
294 1408 414 1443 confer
438 1407 494 1442 111
513 1432 523 1449 ,
546 1419 607 1451 7²7
624 1418 698 1450 sqq.
714 1423 759 1430 -
773 1405 866 1439 Ante

185 1461 279 1495 olim.
290 1459 385 1494 Mola
395 1460 492 1492 salsa
504 1457 747 1492 tenuissimum
761 1456 867 1490 sacri-

186 1513 324 1548 ficium:
340 1523 405 1545 nec
422 1509 512 1556 apud
530 1508 671 1543 Graetos
690 1507 866 1553 antiquis-

183 1565 288 1599 simos
303 1563 427 1598 odores
446 1561 675 1596 adolebantur
691 1565 750 1593 aut
767 1558 869 1593 victi—

186 1631 252 1653 mae
267 1645 276 1661 ,
299 1623 438 1653 tantum
459 1615 575 1650 herbae
591 1621 626 1648 et
641 1612 768 1659 fruges.
785 1612 867 1646 vid.

186 1669 407 1714 Rhodiginus
417 1694 426 1710 ,
437 1666 529 1709 XII,
547 1666 759 1705 1.—Purum‚
774 1663 868 1709 quod

185 1722 288 1756 sacris
299 1720 484 1755 adhibetur
493 1745 503 1761 ,
516 1725 551 1752 et
561 1724 706 1763 propter
721 1716 793 1750 vim
805 1729 870 1762 pu-

186 1772 345 1809 rificandi
362 1770 618 1806 lustrationibus
631 1783 640 1811 ;
655 1768 814 1803 Eusthat.
826 1767 870 1802 ad

189 1826 229 1861 11.
244 1826 296 1869 A,
315 1825 380 1868 314
394 1836 403 1857 ι
419 1822 596 1865 Tibullus,
615 1822 653 1864 I,
668 1832 712 1864 v,
731 1834 767 1855 11
783 1833 871 1865 ,pu—

186 1893 258 1913 rum
277 1880 425 1922 sulphur.
451 1877 522 1910 Pro
539 1878 623 1919 pun'
645 1874 811 1908 Heinsius
830 1886 872 1908 ex

191 1931 265 1966 cod.
290 1930 400 1976 Regio
431 1928 528 1962 malit
553 1929 683 1972 liquidi.
707 1925 777 1960 Sed
808 1938 872 1960 cur

191 1985 353 2028 liquidum
364 1980 488 2014 dixerit
501 2006 510 2022 ,
524 1979 618 2024 quod
628 1978 775 2013 solidum
785 1977 874 2012 offe-

192 2033 364 2070 rebatur?
392 2051 436 2057 —
451 2031 582 2076 Regius
596 2037 717 2065 noster
732 2031 763 2064 B
780 2029 874 2064 solus

193 2089 299 2123 habet
330 2087 455 2130 liquidi
465 2112 474 2125 ‚
510 2083 605 2129 quod
634 2082 803 2118 Heinsius
832 2095 874 2117 ex

194 2152 297 2175 versu
323 2138 365 2181 46
393 2135 527 2171 Moreti
553 2133 711 2170 defendit
736 2133 873 2168 frustra.

196 2194 261 2227 Ed.
276 2209 320 2217 --
335 2192 451 2224 Farris
475 2195 594 2223 autem
617 2186 830 2222 oblationem
855 2198 876 2220 a

195 2247 288 2280 Jano
308 2244 503 2278 institutam
520 2254 590 2276 esse
610 2267 620 2284 ,
645 2240 771 2275 Fabius
794 2239 878 2274 Pie-

195 2305 265 2340 tor,
283 2297 340 2331 lib.
360 2297 378 2331 1
394 2322 404 2338 ‚
430 2299 641 2329 narraverat.
668 2292 764 2327 Hinc
786 2304 876 2336 saepe

197 2352 272 2396 ejus
287 2350 327 2384 fit
341 2349 484 2383 mentio.
501 2347 669 2382 Horatius
681 2373 691 2390 ,
711 2345 765 2381 Ill
780 2372 789 2388 ,
804 2344 876 2380 Od.

198 2411 293 2437 xxln
305 2428 315 2445 ,
337 2415 376 2448 ¹9
386 2427 396 2443 ,
410 2401 470 2435 ubi
486 2406 587 2446 urget
604 2398 667 2433 hoc
678 2425 687 2441 ‚
702 2398 796 2432 Deos
804 2410 877 2431 non

199 2454 354 2488 muneris
362 2453 514 2499 pretium
526 2479 535 2495 ,
545 2451 604 2486 sed
615 2458 773 2486 mentem
785 2450 879 2496 piam

200 2508 367 2553 respicere
381 2533 390 2550 ,
410 2520 427 2536 α
440 2505 594 2540 Mollivit
612 2518 747 2539 aversos
763 2506 881 2539 Pena-

203 2574 221 2588 »
237 2566 288 2593 tes
305 2559 411 2593 Fax-re
434 2558 491 2604 pio
511 2565 546 2592 et
566 2557 708 2592 saliente
725 2557 814 2591 mica
831 2571 840 2597 3
861 2567 879 2586 »δ

202 2608 382 2652 Tibullus,
401 2609 477 2652 111,
501 2619 559 2651 lv,
581 2621 620 2642 ιο
633 2635 643 2651 ,
662 2623 679 2637 κ
698 2608 807 2642 Farre
824 2608 881 2653 pio

206 2676 224 2691 ›-
243 2661 377 2707 placant
399 2668 433 2696 et
454 2661 596 2696 saliente
619 2661 718 2696 mica.
734 2676 750 2691 »
777 2659 881 2696 Conf.

206 2714 332 2749 Noster
343 2713 432 2747 infra
446 2714 513 2757 lv,
531 2716 607 2761 409.

251 2765 325 2812 339.
342 2765 491 2809 Plinius,
511 2765 644 2801 Hister.
662 2766 741 2802 Nat.
765 2765 857 2800 XIII
871 2791 881 2808 ,

931 1003 944 1023 1
962 1016 972 1033 ,
996 1004 1014 1018 ιι
1038 989 1148 1024 Iliacis
1174 989 1390 1034 temporibus
1412 1002 1485 1024 non
1511 998 1612 1025 erant

931 1056 949 1070 »
966 1048 1174 1086 unguenta;
1202 1053 1266 1075 nec
1289 1048 1367 1075 ture
1392 1041 1611 1086 supplicaba-

933 1107 950 1122 »υ
968 1099 1036 1126 tur.
1051 1107 1066 1121 ν
1086 1091 1141 1125 De
1160 1091 1300 1126 Romuli
1317 1099 1352 1127 et
1369 1093 1495 1127 Numae
1513 1100 1612 1127 tein-

931 1145 1072 1190 poribus
1087 1145 1182 1179 idem
1197 1153 1320 1180 monet
1338 1146 1513 1181 Arnobius
1529 1160 1617 1181 ron-

931 1205 984 1232 tra
997 1198 1187 1233 Gent.V11
1203 1224 1212 1241 ,
1226 1212 1257 1243 p.
1272 1200 1345 1233 232.
1359 1199 1487 1234 Noster
1498 1207 1618 1234 tannen

931 1252 989 1287 III
1002 1278 1012 1295 ,
1033 1253 1095 1297 7¹3
1108 1278 1118 1294 ,
1139 1265 1157 1285 a
1170 1251 1307 1286 Baccho
1321 1252 1392 1296 jam
1406 1279 1417 1296 ‚
1435 1253 1536 1288 India
1551 1253 1617 1288 de-

930 1304 1055 1339 bellata
1067 1331 1076 1347 ,
1090 1304 1232 1347 odores,
1248 1305 1411 1340 cinnama
1421 1333 1430 1349 ,
1449 1314 1526 1341 tura
1536 1307 1616 1341 data

931 1368 1002 1390 esse
1015 1356 1130 1390 tradit.
1143 1358 1284 1402 stlyrrlm
1294 1384 1301 1397 ‚
1320 1356 1434 1392 frutex
1445 1358 1481 1391 in
1499 1359 1619 1393 multis

931 1408 1070 1443 Arabiae
1087 1408 1166 1443 locis
1182 1422 1344 1452 nascens,
1361 1422 1403 1444 ex
1419 1410 1519 1455 cujus
1535 1424 1619 1445 cor-

933 1460 998 1495 tice
1016 1460 1124 1495 inciso
1140 1468 1247 1506 guuae
1264 1468 1430 1501 manant;
1458 1462 1594 1498 Plinius
1605 1490 1616 1507 ,

934 1512 1027 1555 XII,
1043 1513 1321 1558 153Dioscor.1‚
1332 1516 1377 1559 64
1387 1522 1423 1550 et
1433 1516 1497 1563 69;
1511 1516 1619 1552 ovid.

933 1564 967 1597 X
981 1565 1128 1616 Metagn.
1144 1568 1210 1599 500
1225 1593 1234 1608 ,
1256 1566 1299 1600 de
1317 1567 1481 1614 myrrha,
1499 1583 1517 1598 «ι
1538 1569 1619 1604 Flet

934 1629 953 1646 »
966 1623 1099 1660 tamen,
1110 1624 1145 1651 et
1155 1617 1280 1663 tepidae
1289 1626 1434 1654 manant
1444 1633 1484 1655 ex
1494 1621 1618 1656 arbore

935 1681 954 1697 n
964 1674 1093 1713 ›guttaez
1105 1668 1167 1702 Est
1178 1668 1293 1704 honor
1304 1677 1340 1704 et
1350 1670 1511 1717 lacrymis
1522 1680 1587 1706 etc.
1601 1687 1620 1702 »

933 1737 979 1745 —
990 1721 1138 1763 Hospita
1155 1746 1163 1759 ,
1195 1721 1390 1766 peregrina.
1406 1722 1538 1757 -Krebs.
1565 1729 1621 1758 ein

930 1772 1350 1818 gasfieundschastlakbes
1359 1775 1482 1819 Schtsfi
1499 1777 1620 1811 Potius

935 1823 1121 1869 peregrina
1138 1831 1173 1858 et
1188 1824 1378 1860 domestica
1394 1826 1450 1861 hic
1464 1827 1529 1862 sibi
1539 1842 1621 1874 opp.

934 1894 980 1903 —-
1003 1878 1095 1912 Tura
1115 1877 1208 1922 apud
1231 1878 1371 1914 sabaeos
1389 1880 1561 1916 sudabant
1579 1896 1622 1917 ex

937 1927 1116 1963 arboribus
1130 1929 1247 1964 incisis
1258 1944 1267 1971 ;
1280 1930 1434 1974 Plinius,
1447 1933 1540 1976 XII,
1559 1936 1623 1977 ι4;

938 1980 1063 2026 Virgil.
1079 1980 1208 2028 Georg.
1228 1982 1265 2016 II
1280 2008 1290 2025 ,
1320 1996 1391 2029 ¹¹7-
1417 1983 1471 2018 Ex
1494 1982 1624 2021 A‘rabia

937 2044 1002 2077 per
1016 2033 1240 2076 Euphratem,
1262 2034 1323 2079 qui
1338 2034 1375 2068 in
1391 2035 1510 2070 sinum
1527 2037 1624 2071 Per-

937 2083 1048 2118 sicum
1059 2097 1095 2119 se
1106 2093 1272 2120 exonerat
1285 2112 1295 2129 ,
1311 2086 1475 2122 subvecta
1489 2096 1571 2124 sunt
1587 2090 1624 2124 in

940 2135 1020 2170 alias
1033 2142 1155 2171 terras.
1171 2136 1269 2182 Quia
1280 2138 1387 2184 igitur
1401 2139 1444 2174 ad
1458 2140 1625 2186 Euphra-

940 2195 1014 2223 tem
1025 2190 1177 2224 maxima
1188 2190 1310 2225 talium
1321 2194 1491 2227 mercium
1501 2195 1602 2240 copia
1612 2221 1622 2238 ,

940 2249 1133 2287 propterea
1152 2243 1207 2278 ille
1240 2257 1298 2279 eas
1328 2249 1458 2280 mittere
1489 2247 1626 2282 dicitur.

942 2291 1103 2328 Omnino
1117 2294 1301 2331 orientales
1315 2309 1448 2331 merces
1461 2297 1499 2339 in
1513 2298 1624 2344 Syrie

943 2352 979 2379 et
995 2344 1181 2381 Phoeniciae
1195 2347 1322 2392 oppida
1337 2349 1514 2383 maritima
1529 2363 1625 2384 con-

944 2397 1102 2432 fluebant
1117 2423 1126 2440 ‚
1146 2398 1240 2433 unde
1264 2399 1417 2434 Romani
1438 2413 1497 2436 eas
1518 2409 1627 2447 pete—

944 2450 1038 2483 bant.
1050 2468 1091 2474 —
1106 2450 1204 2483 Costi
1214 2457 1250 2484 et
1265 2451 1363 2486 radix
1380 2458 1415 2486 et
1430 2451 1510 2487 solia
1527 2453 1624 2488 Ind-

944 2501 981 2535 in
1006 2501 1157 2535 maximo
1175 2502 1286 2547 pretio
1302 2509 1445 2549 propter
1459 2505 1625 2549 eximium

945 2554 1100 2589 odorem.
1115 2555 1267 2599 Plinius,
1278 2555 1350 2592 XII
1361 2582 1370 2599 ,
1387 2559 1625 2594 12.—Crocum

946 2608 1105 2642 mittebat
1130 2607 1251 2642 Cilicia
1273 2621 1316 2643 ex
1338 2608 1470 2658 Coi-ylo
1493 2620 1625 2647 monte.

949 2659 991 2694 Ei
1003 2672 1081 2694 mox
1078 2662 1167 2705 fila,
1189 2672 1271 2695 mox
1284 2661 1394 2707 capilli
1409 2663 1624 2708 tribuuntur,

947 2711 1043 2746 unde
1060 2715 1244 2762 ξανθὲτριχα
1266 2715 1366 2763 κρόκον
1386 2714 1499 2750 Graeci
1523 2716 1625 2750 (lixe-

949 2773 1043 2800 runt.
1053 2765 1132 2800 Vid.
1144 2766 1287 2802 Salmas.
1304 2767 1347 2802 ad
1363 2768 1473 2804 Solin.
1487 2782 1519 2814 p.
1533 2771 1606 2818 749.
