1826 3054
557 176 968 221 FASTORUM
1004 178 1143 221 LlB.
1185 179 1286 221 111.

1552 180 1635 220 215

281 270 517 337 Expletum
537 270 683 336 patrio
709 288 894 337 corpore
918 270 1069 318 matris
1092 287 1220 318 onus.

218 347 453 402 Sithonas,
477 357 520 394 et
545 345 772 411 Scythicos
796 346 979 409 longum
1007 365 1260 395 enumerare
1285 344 1565 412 triumphos3

279 425 338 472 Et
361 423 548 472 domitas
574 435 725 486 gentes
741 462 752 481 ‚
779 424 934 472 turifer
956 416 1066 472 Inde
1082 463 1094 481 ‚
1121 435 1232 471 tuas.

1572 447 1637 482 72⁰

218 503 289 549 Tu
313 519 492 567 quoque
515 501 738 550 Thebanae
759 500 872 549 mala
894 501 1040 568 praeda
1063 502 1264 549 tacebere
1287 500 1466 558 matris,

283 580 423 644 Inque
446 589 571 626 tuum
594 578 720 627 furiis
742 590 835 627 acte
851 616 863 636 ‚
888 580 1111 645 Lycurge,
1138 597 1266 641 genu.

217 659 330 704 Ecce
357 655 469 705 libet
493 655 669 704 subitos
690 656 832 723 pisces
856 656 1172 722 Tyrrhenaque
1191 666 1390 703 monstra

281 733 438 781 Dicere
458 753 467 781 :
489 733 565 782 sed
583 753 676 781 non
703 746 769 782 est
791 734 995 782 carminis
1019 734 1153 798 hujus
1178 751 1304 800 opus.

221 811 439 859 Carminis
460 810 594 876 hujus
619 831 761 878 opus,
787 831 939 860 causas
965 830 1220 878 expromere
1237 849 1249 868 ‚
1276 818 1411 878 quare
1579 823 1648 869 725

282 887 397 937 Vilis
419 908 529 937 anus
553 889 749 955 populos
769 890 826 937 ad
850 909 928 938 sua
952 888 1044 938 liba
1064 901 1204 937 vocet.

217 964 333 1011 Ante
358 975 462 1012 tuos
488 976 612 1013 ortus
636 984 719 1013 arae
743 966 836 1013 sine
859 966 1029 1014 honore
1050 966 1254 1022 fuerunt,

217 1072 452 1107 Ed.—Malr1‘s
467 1087 568 1112 onus,
588 1080 625 1108 tu
637 1101 645 1117 ,
664 1087 769 1120 quem
785 1082 900 1110 mater

218 1123 351 1168 aliquot
367 1137 503 1159 menses
519 1132 620 1159 utero
638 1126 780 1169 tulerat,
785 1130 899 1170 patrio

219 1180 361 1220 corpori,
384 1177 531 1220 femori,
553 1178 706 1222 insutus,
728 1182 896 1224 expletus,

219 1227 261 1261 ad
273 1229 507 1262 maturitatem
520 1229 707 1273 perductus
718 1244 754 1264 es
763 1257 772 1273 ‚
790 1237 828 1264 ut
840 1231 898 1274 ju-

219 1286 272 1313 sto
282 1287 439 1325 ternpore
451 1281 543 1314 nasci
555 1293 678 1325 posses.
689 1282 831 1316 Frustra
840 1283 898 1327 igi-

220 1339 278 1366 tur
295 1332 462 1367 Krebsius
478 1333 660 1379 impugnat
675 1337 709 1369 τὲ
723 1348 827 1378 onus,·
845 1335 901 1380 ip-

217 1397 253 1418 se
281 1383 435 1418 defendit
460 1398 543 1428 opus
559 1398 572 1428 ;
601 1392 636 1419 et
666 1399 749 1430 opus
770 1390 901 1430 ezplere

219 1436 393 1480 expletum
411 1436 565 1471 officium
581 1438 703 1472 matris
715 1439 900 1484 suscipere-

221 1486 329 1531 Quod
346 1495 380 1522 et
396 1488 508 1533 ipsum
523 1488 606 1522 ferri
624 1496 747 1534 potest.
758 1491 900 1523 -Jlla-

217 1547 311 1574 turns
325 1547 361 1574 et
376 1539 419 1574 de
434 1547 557 1575 ventre
582 1554 671 1575 onus
686 1541 822 1576 serente
833 1569 842 1584 ,
866 1550 902 1576 et

219 1590 261 1625 de
278 1597 389 1626 matre
408 1592 523 1637 partui
538 1592 650 1626 vicina
663 1620 670 1631 ,
691 1600 725 1627 et
743 1593 786 1627 de
809 1601 903 1627 tem-

219 1656 303 1688 pore
322 1643 362 1677 ad
380 1643 589 1688 pariendum
610 1644 739 1678 idoneo
763 1644 899 1679 dicitur.

266 1708 338 1742 7¹9·
356 1695 426 1730 Res
442 1703 545 1741 gestae
561 1696 699 1731 Bacchi.
715 1698 847 1731 Furore
870 1698 902 1731 ei

221 1760 241 1781 a
255 1748 401 1782 Junone
428 1748 556 1792 injecto
569 1775 578 1792 ‚
596 1749 807 1796 AEgyptum,
831 1750 902 1797 Sy—

221 1799 310 1833 riam
321 1826 331 1842 ,
345 1800 758 1847 Phrygiampmagravss,
773 1810 807 1836 et
820 1802 902 1837 inde

223 1864 286 1896 per
302 1851 487 1887 Thraciam
503 1853 546 1887 ad
570 1854 675 1889 Indos
698 1854 861 1897 devenit,
884 1868 903 1888 a

224 1903 348 1947 quibus
363 1903 501 1939 Thebas
519 1904 631 1940 rediit.
645 1907 724 1940 Hoc
740 1907 807 1941 iter
822 1907 904 1941 bre-

223 1955 312 1989 viter
328 1955 481 1989 narravit
498 1956 730 2001 Apollodorus
743 1985 753 2000 ‚
768 1959 824 1993 Ill
836 1985 845 2000 ,
859 1970 903 2002 v,

226 2008 245 2040 5
258 2021 266 2047 ;
281 2008 450 2052 copiosius
464 2007 641 2043 Diodorus
659 2009 795 2044 Siculus
806 2036 816 2052 ,
830 2011 883 2045 lv
893 2037 903 2054 ,

225 2066 262 2093 et
279 2060 429 2094 Nonnus
441 2061 477 2094 in
492 2056 907 2107 Dionysiam—&Mones

224 2110 295 2144 sive
311 2112 472 2151 Sithonii,
496 2124 580 2157 gens
595 2111 753 2147 Thraciae
766 2112 808 2147 ad
821 2125 905 2158 pon-

227 2169 305 2196 tum
320 2163 499 2197 Euxinum
512 2190 521 2206 ,
537 2176 648 2209 eaque
670 2166 908 2209 compotatio-

228 2216 330 2250 nibus
353 2216 490 2258 dedita3
507 2217 631 2251 Horat.
648 2218 683 2260 Ι,
707 2217 778 2252 Od.
793 2229 906 2262 xvim,

228 2280 261 2314 9.
278 2269 383 2303 Multi
392 2271 576 2309 Bistonas,
590 2271 696 2315 quiet
710 2270 773 2316 ipsi
790 2270 908 2305 Thra-

229 2319 318 2353 ciam
330 2320 527 2356 incolebant
539 2336 547 2362 ;
561 2321 694 2356 Plinius
706 2349 715 2365 ,
731 2322 796 2366 lv,
816 2336 827 2355 1
838 2336 910 2356 1.—

230 2372 286 2406 De
295 2380 366 2408 ture
377 2374 468 2410 Plin.
480 2375 551 2410 XII
563 2401 573 2417 ,
586 2375 629 2409 30
646 2389 654 2410 :
669 2391 686 2406 κ
704 2384 780 2410 tura
792 2403 802 2418 ‚
820 2389 910 2421 prae-

233 2438 251 2454 n
269 2431 323 2458 ter
336 2425 500 2460 Arabiam
512 2452 521 2470 ,
536 2427 650 2471 nullis,
663 2441 701 2463 ac
713 2441 758 2462 ne
772 2429 910 2464 Arabiae

235 2490 253 2506 υ
271 2476 415 2520 quidem
431 2478 611 2513 universae.
630 2494 648 2509 n
666 2479 802 2524 Nempe
820 2480 911 2514 Saba

233 2529 329 2575 regio
345 2529 507 2572 turifera;
522 2545 554 2564 v.
563 2545 637 2577 sup.
650 2532 690 2566 ad
706 2533 740 2575 1,
754 2534 828 2575 341.
839 2532 911 2567 Sed

232 2581 334 2614 India
346 2582 496 2626 antiquis
514 2585 629 2618 omnis
641 2590 733 2618 terra
748 2585 911 2618 orienta-

235 2632 273 2666 lis
284 2658 294 2674 ,
313 2633 471 2678 inprimis
486 2635 521 2669 in
539 2636 744 2670 australibus
759 2637 913 2681 partibus

237 2685 311 2720 sita.
328 2685 420 2722 Vide
438 2686 571 2733 Cuperi
589 2688 773 2724 observat.
793 2689 865 2732 IV,
884 2703 914 2735 7.

1009 1089 1080 1121 72¹·
1093 1075 1147 1110 De
1160 1076 1306 1110 Pentheo
1317 1101 1324 1113 ,
1351 1074 1578 1108 Thebanorum
1588 1085 1626 1106 re
1634 1072 1651 1078 “

965 1140 1006 1173 ge
1019 1154 1027 1169 ,
1048 1141 1154 1173 quem
1167 1153 1176 1170 ‚
1193 1139 1303 1173 quum
1318 1126 1446 1161 Bacchi
1461 1138 1556 1160 sacra
1567 1124 1648 1159 nol-

963 1179 1011 1213 let
1034 1180 1208 1224 accipere,
1226 1179 1299 1224 ipsa
1324 1185 1432 1212 mater
1451 1178 1568 1221 Agave
1581 1203 1590 1219 ,
1609 1177 1644 1210 in

963 1229 1120 1264 furorem
1145 1230 1286 1272 adacta,
1315 1228 1513 1263 dilaceravit
1533 1254 1542 1271 ,
1566 1228 1644 1262 vide

964 1281 1019 1315 Ill
1039 1281 1186 1315 hletam.
1204 1283 1263 1314 511
1282 1281 1542 1324 sqq.—Proeda,
1561 1292 1643 1313 nam

965 1332 1146 1367 Pentheus
1168 1331 1272 1365 matri
1295 1331 1479 1365 videbatur
1497 1344 1589 1376 aper.
1603 1350 1646 1357 —

966 1385 1038 1419 Pro
1055 1387 1147 1418 mala
1169 1384 1335 1418 Heinsius
1346 1384 1450 1418 suasit
1466 1396 1546 1417 cum
1567 1384 1645 1428 pri-

964 1448 1025 1470 mo
1038 1436 1202 1470 Ambros.
1219 1443 1255 1470 et
1270 1436 1355 1470 Laeti
1367 1435 1442 1470 cod.
1453 1436 1568 1482 legere
1579 1449 1648 1470 ma—

964 1491 996 1522 le
1007 1514 1016 1529 ‚
1041 1487 1134 1532 quod
1157 1487 1287 1532 recepit
1303 1487 1494 1522 Mitscberl.
1509 1507 1554 1514 -
1566 1490 1644 1534 Ly-

963 1551 1085 1583 curgus
1101 1567 1110 1578 ,
1136 1539 1306 1573 Edonum
1332 1539 1368 1573 in
1395 1539 1545 1574 Thracia
1566 1554 1644 1583 rex,

964 1593 1051 1627 vites
1068 1604 1192 1626 omnes
1205 1591 1330 1627 excidit
1341 1618 1351 1634 ,
1369 1592 1565 1637 Bacchique
1584 1606 1646 1627 nu-

965 1643 1067 1678 trices
1078 1643 1221 1688 bipenni
1232 1650 1433 1687 persecutus
1442 1650 1503 1677 est.
1516 1644 1571 1678 De
1581 1657 1648 1689 poe·

966 1710 1013 1732 na
1032 1698 1064 1731 ei
1086 1698 1178 1732 illata
1202 1697 1334 1732 dictum
1351 1697 1394 1731 ad
1422 1698 1475 1732 lv
1501 1698 1649 1733 Metam.

966 1764 1020 1784 22.
1039 1749 1244 1784 Secundum
1260 1749 1448 1784 nonnullos
1464 1763 1566 1785 crura
1583 1750 1647 1785 sibi

967 1803 1159 1848 amputavit
1174 1802 1258 1837 falce
1273 1816 1280 1836 :
1295 1803 1343 1837 sic
1358 1810 1455 1836 actus
1470 1810 1521 1837 est
1533 1803 1567 1836 in
1578 1817 1646 1847 ge·-

966 1868 1011 1889 nu
1028 1855 1320 1889 suum.—Subae'tos
1338 1858 1452 1898 pisces
1471 1862 1536 1890 etc.
1552 1855 1649 1902 Tyr-

967 1908 1098 1942 rhenos
1122 1915 1244 1942 nautas
1270 1907 1384 1942 subito
1407 1908 1441 1941 in
1466 1907 1647 1953 delphinas

968 1959 1250 1994 transformatos:
1265 1960 1320 1994 111
1336 1960 1482 1994 Metam.
1493 1962 1555 2007 597
1570 1974 1645 2006 sqq.

968 2012 1117 2046 -Unus
1133 2010 1262 2046 Medic.
1278 2012 1462 2057 Tyrrhenia
1477 2019 1643 2052 monstra,

969 2076 1046 2108 quae
1071 2063 1241 2108 oppositio
1266 2063 1404 2109 elegans
1425 2063 1572 2111 Heinsio
1593 2065 1646 2098 vi—

970 2113 1128 2149 debatur.
1143 2133 1187 2140 -
1204 2115 1246 2149 ln
1264 2115 1374 2149 tribus
1390 2115 1516 2150 nostris
1535 2115 1652 2160 Regiis

977 2169 1235 2214 Tyrrhenaque;
1269 2181 1342 2202 non
1367 2168 1523 2213 displicet
1547 2169 1650 2203 lectio

973 2220 1137 2255 Medicei.
1154 2223 1220 2254 Ed.

1020 2273 1093 2319 726.
1110 2275 1226 2308 Varro
1241 2274 1299 2309 lib.
1318 2275 1353 2308 V
1371 2274 1414 2309 de
1428 2275 1527 2320 Ling.
1546 2275 1650 2310 Lati·-

973 2338 1018 2360 na
1036 2338 1044 2359 ε
1062 2340 1079 2355 κ
1098 2326 1268 2361 Liberalia
1284 2327 1394 2370 dicta,
1414 2328 1507 2372 quod
1522 2341 1585 2373 per
1596 2336 1651 2363 to-

976 2392 994 2406 »
1014 2384 1088 2411 tum
1102 2378 1271 2423 oppidum
1287 2391 1329 2413 eo
1339 2379 1394 2413 die
1405 2379 1529 2415 sedent
1540 2394 1653 2415 sacer—

978 2445 995 2459 »
1015 2429 1113 2464 dotes
1140 2430 1255 2465 Liberi
1276 2457 1286 2474 ‚
1322 2431 1450 2466 hedera
1477 2441 1650 2468 coronatae

978 2495 996 2511 ιο
1016 2493 1102 2515 anus
1115 2507 1125 2523 ,
1143 2494 1223 2515 cum
1235 2481 1312 2516 libis
1327 2490 1362 2517 et
1373 2482 1488 2517 foculo
1505 2496 1568 2529 pro
1580 2497 1655 2518 em-

978 2547 995 2562 »
1014 2540 1088 2567 tore
1105 2533 1343 2568 sacrificantes.
1358 2548 1375 2563 »ν
1395 2535 1534 2569 Horum
1549 2536 1655 2581 igitur

976 2586 1194 2631 singulorum
1202 2599 1311 2622 causae
1325 2587 1379 2623 hic
1390 2597 1654 2634 expromuntur.

978 2638 1033 2671 De
1060 2637 1193 2683 origine
1217 2646 1252 2673 et
1271 2652 1453 2685 progressu
1475 2654 1655 2676 sacrorum

979 2689 1021 2724 cs.
1041 2691 1058 2725 1
1073 2716 1083 2734 ,
1101 2691 1163 2736 337
1181 2703 1265 2737 sqq,
1287 2705 1364 2738 quae
1389 2694 1432 2728 ab
1459 2693 1512 2728 his
1535 2694 1664 2729 discre—
