1826 3054
247 209 330 255 186

602 213 656 258 P.
698 214 943 261 OVIDII
984 216 1289 264 NASONIS

242 303 390 354 Corda
409 304 574 355 micant
594 306 712 370 regis
732 326 743 356 τ
765 318 952 376 totoque
977 329 1001 360 e
1024 322 1205 378 pectore
1228 314 1408 377 sangnis

307 381 465 446 Fugit;
489 395 534 432 et
555 382 738 434 hirsutae
760 384 982 449 diriguere
1004 406 1153 437 comae.

240 459 301 507 Ut
325 459 456 508 rediit
478 460 651 509 animus
668 498 680 519 ‚
707 460 777 510 Da
800 474 918 512 certa
939 463 1133 531 piamina
1147 502 1159 522 ‚
1183 465 1321 524 dixit,

304 536 523 587 Fulminis
536 577 548 596 ,
573 538 766 589 altorum
787 559 951 608 rexque
971 554 1183 610 paterque
1206 544 1376 603 Deum;

240 613 288 663 Si
310 626 384 663 tua
407 616 676 679 contigimus
698 618 904 668 manibus
927 618 1110 670 donaria
1131 621 1257 688 puris
1277 641 1289 679 ;
1604 639 1669 674 335

303 693 404 740 Hoc
427 712 632 761 quoque,
661 695 783 763 quod
802 696 992 764 petitur,
1017 697 1054 747 si
1079 697 1153 764 pia
1175 696 1327 762 lingua
1348 711 1490 763 rogat.

238 769 411 818 Annuit
432 772 575 822 oranti
599 791 610 821 ε
635 774 714 822 sed
735 793 887 824 verum
909 774 1092 838 ambage
1117 787 1288 825 remota

302 847 518 908 Abdidit,
546 861 590 899 et
611 850 752 900 dubio
778 852 937 901 terruit
960 872 1038 902 ore
1063 852 1220 902 virum.

239 923 365 973 Caede
391 938 546 994 caput,
568 928 680 978 dixit
700 949 710 978 ε
732 930 805 979 cui
828 949 926 989 rex,
951 930 1210 981 Parebimus
1225 969 1238 990 ,
1264 932 1438 999 inquit:

303 1002 521 1052 Caedenda
544 1017 610 1054 est
629 1007 776 1056 hortis
799 1020 923 1058 eruta
945 1028 1052 1075 cepa
1073 1009 1195 1057 meis.

1606 1027 1672 1073 340

236 1080 424 1131 Addidit
444 1083 542 1142 hic,
567 1086 776 1135 Hominis
801 1107 812 1136 ε
837 1087 1068 1145 Summos,
1088 1087 1152 1136 ait
1174 1086 1273 1146 ille,
1298 1088 1497 1156 capillos.

303 1160 510 1210 Postulat
533 1161 605 1211 hic
627 1164 818 1214 animam
839 1184 849 1213 x
875 1165 947 1214 cui
971 1166 1142 1221 Numa,
1166 1165 1333 1224 Piscis,
1358 1166 1434 1215 ait.

237 1235 381 1295 Risit;
402 1251 447 1287 et
468 1239 577 1299 His,
605 1241 776 1309 inquit,
802 1243 936 1292 facito
949 1240 970 1301 ,”
986 1262 1082 1292 mea
1104 1241 1191 1292 tela
1208 1262 1420 1310 procures
1435 1282 1448 1302 ‚

305 1316 349 1364 Ο
373 1317 440 1365 vir
461 1317 689 1387 colloquio
711 1340 806 1370 non
829 1320 1049 1385 abigende
1071 1339 1186 1370 meo.

237 1390 326 1440 Sed
351 1393 434 1442 tibi
450 1432 462 1453 ‚
485 1396 726 1463 protulerit
749 1418 886 1466 quum
912 1411 1056 1448 totum
1078 1398 1295 1448 crastinus
1318 1398 1471 1449 orbem

1604 1416 1670 1459 ³4⁵

305 1472 549 1539 Cynthius,
573 1475 747 1543 imperii
770 1477 962 1544 pignora
983 1489 1099 1525 certa
1121 1476 1251 1525 dabo.

239 1549 395 1612 Dixit,
421 1563 466 1603 et
487 1553 659 1618 ingenti
685 1555 855 1605 tonitru
879 1574 1014 1623 super
1031 1554 1193 1604 aetbera
1211 1566 1382 1603 motum

235 1684 337 1720 colui.
355 1685 403 1722 Et
418 1686 552 1722 cultum
568 1700 666 1724 nunc
679 1701 743 1735 per
758 1690 920 1729 donatist,

236 1737 403 1783 pietatem
419 1752 483 1785 per
491 1752 599 1784 puras
614 1754 734 1776 mnus
749 1742 922 1787 exprimit.

237 1792 349 1825 —Da
356 1794 513 1836 petua-tha
523 1818 532 1834 ‚
546 1792 654 1829 edoce
672 1794 836 1840 piamina.

282 1844 360 1890 337.
379 1846 551 1891 Ambaps
568 1845 612 1882 de
627 1846 798 1893 ambiguis
808 1854 846 1882 et
859 1846 924 1881 ob—

237 1894 345 1929 »curis
360 1896 582 1932 oraculorum
599 1897 714 1933 verbis
735 1897 802 1933 dici
819 1923 828 1940 ,
849 1910 924 1932 no-

238 1952 315 1982 tum
331 1955 400 1990 eat;
415 1948 483 1993 IV,
500 1949 566 1985 568
580 1964 589 1989 ς
602 1950 675 1986 vll
688 1950 836 1987 Metam.
849 1950 923 1996 761.

239 1998 290 2034 At
305 2000 365 2045 qui
377 2012 502 2035 verum
513 2000 630 2044 abdit,
643 2000 820 2047 dubioque
835 2001 924 2037 alte-

237 2064 318 2087 rum
332 2059 440 2088 terret
450 2066 512 2089 ore
525 2079 535 2097 ,
552 2053 581 2089 is
596 2054 757 2101 ambages
766 2054 838 2090 illas
848 2067 921 2089 non

237 2111 408 2140 removet.
417 2105 621 2143 Obscurius
628 2120 724 2142 nunc
733 2115 808 2143 erat
819 2120 837 2142 a
848 2107 923 2143 bre-

239 2156 345 2193 vitate
359 2183 371 2202 ,
392 2171 461 2206 qua
478 2159 621 2207 Jupiter
638 2160 766 2196 Numa:
781 2162 922 2207 sapien·

238 2209 324 2245 tiam
345 2212 524 2253 tentabatz
546 2214 661 2259 itaque
681 2216 841 2258 ambages
856 2213 924 2249 cir*

236 2262 431 2299 tuitionem
455 2264 789 2310 interpretabimur3
808 2264 923 2301 collo·

240 2315 366 2363 quium
379 2323 496 2352 autem
507 2317 591 2352 illud
604 2343 614 2362 ,
627 2324 768 2354 auctore
787 2318 925 2353 Plutar-

238 2369 320 2412 cbo,
328 2369 376 2405 aie
384 2368 459 2405 sere
466 2369 744 2405 informabimus.
751 2370 786 2405 J.
795 2369 924 2405 Fulmi-

241 2435 286 2457 na
295 2434 443 2468 procura
451 2421 631 2468 capitibus.
641 2421 684 2457 N.
692 2420 925 2467 reparumne?

240 2474 274 2509 J.
283 2473 446 2510 bominis.
454 2475 497 2510 N.
510 2474 710 2510 crinibume
721 2474 736 2509 ?
748 2474 783 2509 J.
794 2474 923 2510 auima-

241 2525 485 2562 lia.N.mienis?
492 2526 526 2562 J.
534 2526 665 2570 ridens,
677 2525 923 2562 Hiasacitoetc.

243 2579 361 2624 Atque
389 2580 499 2615 tribus
524 2579 588 2616 illis
616 2580 721 2615 rebus
747 2578 924 2616 Plutarchi

241 2630 354 2667 adbuc
378 2638 477 2668 atate
502 2633 656 2668 Romani
680 2632 925 2680 procurabant.

243 2701 288 2710 —
307 2682 362 2718 De
376 2696 501 2721 nona.
524 2697 653 2729 genere
671 2688 833 2729 palu-iun.
855 2682 924 2719 vid.

244 2732 288 2771 ad
296 2734 332 2771 11
341 2760 351 2778 ,
362 2735 669 2782 ⁵78.—Vutgatam
678 2749 789 2772 sanes
801 2736 925 2772 Heius.

989 1687 1087 1723 MSS
1106 1686 1272 1733 Naugerii
1297 1693 1331 1722 et
1354 1693 1507 1732 quatuor
1526 1699 1670 1722 suorum

989 1740 1195 1775 auctoritate
1217 1746 1311 1774 reete
1329 1740 1364 1775 in
1382 1753 1530 1775 suanos
1550 1748 1672 1775 muta-

989 1792 1050 1827 vit.
1062 1791 1224 1828 Secunda
1239 1792 1336 1827 enim
1351 1804 1500 1837 persona
1512 1805 1623 1827 sanes
1637 1793 1672 1826 in

990 1843 1056 1879 boc
1071 1843 1246 1889 colloquio
1262 1855 1387 1889 parum
1405 1844 1525 1889 placet.
1543 1862 1586 1869 —
1602 1843 1673 1878 Sed

989 1899 1156 1941 colloquio
1169 1909 1241 1931 neo
1256 1908 1330 1931 non
1347 1896 1412 1931 nisi
1431 1895 1599 1931 Aroudel.
1610 1909 1674 1942 pro

989 1948 1124 1983 diversa
1147 1949 1224 1983 lect.
1251 1955 1326 1982 tum
1352 1948 1425 1982 duo
1452 1947 1507 1983 alii
1532 1946 1672 1983 babent.

989 2002 1112 2046 ltaque
1128 2002 1245 2036 forsan
1262 2013 1281 2035 e
1294 2001 1428 2036 ceteris
1442 2001 1553 2035 Dea-
1567 2012 1671 2034 revo—

989 2054 1153 2089 randum.

1033 2107 1264 2152 uestium
1269 2109 1407 2149 atu-pena
1423 2116 1572 2139 munera
1582 2102 1661 2138 Deo

989 2170 1070 2194 rum
1085 2157 1203 2193 satalia
1213 2183 1223 2200 ,
1239 2168 1393 2203 quorum
1407 2154 1670 2190 conservatione

990 2211 1202 2258 perpetuitas
1215 2217 1253 2246 et
1267 2210 1358 2245 salua
1372 2207 1509 2253 imperii
1528 2206 1669 2242 niteba-

990 2271 1058 2299 tur.
1073 2262 1154 2298 Vid.
1169 2261 1315 2298 Boeeler.
1330 2260 1374 2296 de
1391 2259 1594 2306 pignoribus
1607 2260 1669 2293 ini-

990 2317 1087 2364 perii.
1107 2316 1158 2351 Ea
1173 2321 1276 2351 erant
1289 2312 1483 2349 Pan-dium
1501 2319 1535 2347 et
1549 2338 1558 2353 ,
1577 2311 1672 2357 quod

989 2381 1086 2405 nunc
1105 2367 1346 2415 promittitur,
1368 2372 1506 2402 scutum
1527 2365 1672 2399 calente.

990 2420 1085 2456 Male
1104 2420 1210 2456 Rutil.
1228 2419 1307 2455 ltin.
1323 2419 1357 2454 ΙΙ
1372 2444 1382 2460 .
1400 2421 1443 2453 53
1456 2444 1466 2461 ,
1485 2417 1590 2452 libros
1606 2418 1671 2452 Si-

989 2473 1138 2523 byllino·
1146 2470 1579 2507 ‚adinvidwvemsdortt
1591 2470 1670 2505 Exc.

992 2525 1085 2562 vlu
1098 2522 1289 2560 extu—Dii
1299 2550 1308 2566 ‚
1323 2522 1465 2568 quando
1476 2536 1495 2557 e
1506 2534 1671 2567 compec-

989 2585 1029 2615 tu
1044 2577 1230 2613 hominum
1243 2576 1425 2612 avolabant
1439 2603 1448 2619 ,
1465 2577 1562 2622 signa
1578 2587 1671 2621 que·

990 2630 1073 2667 dam
1087 2630 1215 2667 dabant
1232 2629 1423 2666 divinitatis
1440 2641 1532 2670 suun
1551 2629 1670 2675 Heyn.

992 2684 1134 2720 Etrun-
1147 2682 1236 2719 xm
1248 2682 1289 2717 ad
1305 2682 1384 2717 stin.
1395 2682 1671 2727 [supinet-nune

989 2749 1072 2773 eum
1086 2739 1211 2773 tonitr·
1230 2736 1397 2772 aufertur.
1412 2753 1457 2763 -
1481 2734 1535 2770 Eo
1552 2735 1678 2769 nore-ei
