1826 3054
220 254 308 311 462
731 255 1112 303 excussus

216 347 414 407 stranda,
433 347 489 398 ad
505 348 623 398 hunc
637 347 871 399 referendae
884 369 979 399 esse
994 350 1209 400 videntur.
1224 353 1289 400 Ita
1303 352 1420 419 apud
1435 352 1638 403 Macrob.

218 430 248 479 l.
269 450 305 480 c.
327 429 496 499 Aprilis
518 432 683 482 mensis
706 450 730 480 a
755 432 924 480 Venere
946 431 1273 491 derivationem,
1295 434 1460 501 quippe
1481 434 1640 498 linguae

217 513 471 565 rationibus
493 513 757 563 contrariam
779 512 847 562 vel
869 514 983 563 hanc
1007 515 1067 563 ob
1090 534 1261 565 causam
1277 553 1289 574 ,
1314 517 1434 583 quod
1460 517 1640 565 Veneris

218 617 301 647 nec
322 616 553 647 romanum
578 615 659 646 nec
682 615 870 661 graecum
897 616 1059 646 nomen
1086 617 1238 661 regum
1260 611 1454 667 tempore
1483 612 1639 648 notum

218 679 355 730 fuisse
370 716 382 738 ‚
408 691 452 728 et
472 679 517 728 in
542 678 734 728 carmine
759 676 914 728 Saliari
941 680 1126 729 inveniri
1149 681 1329 739 scribit,
1353 682 1521 745 egregie
1541 700 1642 729 sane

217 762 450 821 refutavit,
474 781 596 829 aeque
621 781 670 812 ac
689 761 802 812 Maii
823 773 868 811 et
886 762 1012 811 Junii
1029 782 1054 812 a
1070 763 1311 828 majoribus
1330 775 1374 811 et
1391 763 1643 829 junioribus

217 845 535 913 explicationes
547 845 749 911 vulgares
761 884 774 905 ,
788 845 974 896 alterum
991 865 1015 895 a
1032 847 1152 896 Maia
1167 846 1243 896 dea
1254 884 1266 903 ,
1284 845 1467 895 alterum
1478 884 1490 903 ,
1507 866 1643 913 quum

219 939 259 976 et
284 928 529 995 antiquitus
552 940 596 978 et
614 948 697 978 suo
723 941 919 996 tempore
940 927 1046 978 alibi
1065 928 1287 978 Junonius
1312 929 1495 986 dicatur,
1516 948 1539 977 a
1562 930 1647 976 Ju-

217 1028 334 1058 none
366 1009 533 1060 dictum
566 1030 661 1061 esse
696 1030 879 1062 censens
910 1015 931 1075 (
955 1012 1032 1061 ubi
1056 1011 1274 1069 Ovidius,
1300 1013 1416 1060 Fast.
1449 1013 1508 1060 vl
1525 1049 1536 1068 ,
1561 1012 1646 1067 61,

219 1111 318 1142 eum
341 1092 460 1142 haud
480 1093 615 1143 dubie
638 1094 879 1162 respexit).
909 1095 1022 1143 Post
1040 1094 1160 1143 hunc
1183 1095 1443 1144 Macrobius
1471 1095 1657 1143 Masun'e'

218 1175 369 1224 Sabim·
388 1164 727 1226 commentarios
745 1177 947 1244 inprimis
966 1176 1139 1235 laudat,
1159 1178 1345 1227 celebris
1363 1178 1448 1226 sub
1467 1177 1648 1225 Tiberio

219 1258 539 1309 ‚Iurisconsulti
555 1297 568 1318 ,
592 1259 713 1308 Ateii
736 1259 968 1326 Capitonis
990 1259 1172 1309 adseclae
1193 1272 1236 1308 et
1259 1272 1385 1309 sectae
1404 1259 1650 1307 Sabinianae

219 1340 414 1389 auctoris
441 1341 556 1406 [vid.
579 1341 632 1390 fr.
652 1342 696 1391 II
710 1378 725 1400 ‚
743 1343 780 1405 ἓ.
802 1341 865 1402 48
884 1342 1057 1404 Digest.
1074 1344 1125 1407 (l
1140 1380 1152 1398 ,
1169 1344 1260 1406 2)]
1281 1342 1358 1409 qui
1373 1342 1441 1390 vel
1455 1361 1478 1390 e
1495 1342 1648 1390 Persio

220 1433 355 1472 notus
370 1434 436 1471 est
456 1442 466 1471 ι
487 1423 577 1471 Sat.
599 1423 654 1481 V,
674 1440 738 1489 90
752 1460 765 1481 ,
789 1423 961 1472 Masuri
978 1424 1137 1472 rubn'ca
1158 1434 1284 1471 vetat.
1315 1423 1404 1472 Alii
1429 1434 1650 1472 commen-

220 1505 436 1555 rariorum
468 1518 670 1555 auctores
705 1517 988 1555 recensentur
1021 1526 1032 1554 :
1064 1507 1198 1555 Nisus
1232 1506 1473 1569 (Macrob.
1500 1505 1650 1569 ibid.)

219 1588 381 1637 Bebius
393 1588 559 1644 Macer,
591 1587 799 1638 Cornelius
812 1588 956 1637 Labeo
981 1588 1218 1651 (Macrob.
1243 1590 1292 1646 l,
1323 1586 1442 1649 16),
1469 1588 1652 1635 Rutilius

220 1669 448 1726 Geminus,
491 1670 639 1727 Titus,
672 1671 868 1738 Anysius
897 1682 943 1719 et
972 1668 1238 1738 Elpidianus
1273 1674 1359 1736 περὶ
1383 1681 1538 1733 μηνῶν,
1566 1678 1652 1735 περὶ

219 1760 366 1818 lapi-<551
396 1752 515 1819 apud
547 1752 747 1819 Lydum,
782 1752 933 1802 Julius
970 1752 1235 1809 Modestus,
1274 1753 1444 1819 Hygini
1468 1751 1653 1802 libertus

222 1836 376 1901 (Suet.
410 1835 462 1883 de
497 1846 724 1898 grammat.
757 1836 856 1896 20)
879 1833 934 1882 de
955 1832 1096 1891 seriis,
1122 1832 1306 1882 Fulvius
1337 1834 1518 1883 Flaccus
1535 1873 1548 1892 ,
1572 1836 1656 1883 Ju-

222 1917 323 1968 nins
343 1918 569 1967 Gracchus
586 1916 764 1983 aliique.
785 1915 931 1964 Nobis
953 1933 1106 1964 omnes
1124 1927 1228 1965 aetas
1247 1916 1427 1973 invidit,
1444 1928 1486 1965 et
1499 1929 1656 1984 praeter

220 1999 376 2048 Ovidii
400 1998 766 2047 commentarium
784 1998 1007 2063 poeticum
1030 2009 1074 2046 et
1090 1998 1319 2048 breviores
1334 2000 1479 2048 Verrii
1501 2012 1650 2057 notas,

221 2079 401 2131 nonnisi
427 2079 539 2147 Lydi
563 2090 608 2129 et
633 2080 854 2128 Macrobii
881 2080 916 2127 F
917 2080 1088 2146 estiqne
1112 2092 1315 2147 excerpta
1341 2081 1542 2130 notitiam
1573 2082 1651 2131 ali-

225 2177 356 2229 quam
372 2162 583 2229 praebent.
607 2163 719 2226 Quae
743 2162 908 2228 passim
930 2180 982 2210 ex
1001 2162 1072 2211 bis
1091 2162 1388 2229 scriptoribus
1404 2162 1650 2217 laudantur,

226 2244 495 2301 ostendunt,
525 2261 601 2292 eos
626 2243 673 2292 in
697 2244 906 2293 omnibus
930 2244 984 2293 iis
999 2282 1012 2301 ,
1046 2263 1142 2310 quae
1174 2263 1308 2311 supra
1330 2245 1383 2294 ad
1405 2245 1492 2293 bos
1513 2244 1652 2293 libros

224 2326 456 2378 retulimus
475 2365 487 2382 ,
527 2327 782 2376 enarrandis
804 2339 848 2376 et
873 2327 1218 2390 investigandis,
1242 2327 1348 2395 plus
1364 2328 1582 2380 minusve.
1609 2341 1652 2375 et

226 2422 278 2460 ut
301 2411 401 2478 quis
423 2410 645 2467 historiae,
668 2410 947 2477 antiquitatis
970 2422 1013 2459 et
1036 2410 1334 2474 chronologia
1359 2411 1652 2477 peritissimus

225 2505 342 2548 erat,
363 2506 559 2543 versatos
583 2513 689 2543 esse.
711 2522 763 2532 --
788 2493 918 2542 llaud
944 2493 1121 2560 quidem
1145 2493 1242 2542 data
1263 2510 1393 2561 opera
1417 2494 1470 2541 atl
1499 2495 1651 2542 Fastos

227 2574 512 2644 explicandos
527 2613 540 2634 ‚
566 2577 643 2626 sed
669 2577 870 2626 universe
894 2575 949 2625 ad
971 2576 1276 2643 antiquitatem
1306 2594 1527 2624 romanam
1551 2574 1650 2623 illu-

231 2659 452 2708 strantlam
466 2659 595 2709 etiam
612 2659 665 2707 V
660 2679 755 2709 arm
772 2660 817 2708 in
834 2659 909 2708 lib.
926 2660 1149 2726 Antiquit.
1170 2658 1426 2707 Divinarum
1441 2696 1453 2715 ,
1479 2658 1533 2705 V
1526 2662 1652 2707 emas

229 2739 393 2808 aliique
411 2741 574 2808 passim
587 2741 640 2791 de
657 2741 741 2791 hoc
759 2760 915 2805 genere
937 2741 984 2791 in
1004 2741 1197 2809 antiquis
1211 2741 1350 2801 seriis,
1369 2741 1651 2795 ceremoniis.
