1826 3054
250 186 340 247 496
774 187 1157 233 excursus

247 293 382 340 sunt,
421 281 618 350 quaedam
653 281 869 331 illustrata
903 281 1068 332 suerint
1091 322 1104 343 ‚
1142 302 1243 350 spes
1277 284 1385 334 mihi
1418 297 1485 335 est
1512 287 1667 354 jucun-

246 359 437 408 dissima.

310 437 511 502 Quaestio
537 437 685 487 statim
709 437 754 486 in
778 436 926 487 limine
955 439 1167 489 movenda
1196 441 1355 489 merito
1378 442 1422 490 in
1446 462 1499 491 eo
1525 462 1667 492 versa-

245 526 343 573 tur,
368 515 487 564 unde
507 514 671 564 sactum
693 515 779 574 sit,
804 528 854 564 ut
878 517 1015 583 mythi
1042 517 1198 566 veteris
1218 518 1378 576 Italiae,
1404 520 1440 568 si
1465 521 1540 587 qui
1566 521 1666 569 huic

246 603 367 641 terrae
391 591 562 658 proprii
592 591 738 650 suere,
771 592 816 639 in
841 592 1012 659 populo
1042 605 1110 642 tot
1141 593 1404 661 scriptorum
1435 595 1562 644 laude
1583 597 1668 645 sso-

243 680 367 717 rente
401 668 510 717 adeo
540 687 695 734 pamm
727 670 959 736 propagati
995 670 1086 719 sint
1107 708 1119 727 ‚
1150 680 1202 718 ut
1224 670 1295 719 vix
1324 671 1442 721 ullus
1467 673 1635 736 integer
1653 713 1664 728 ‚

243 746 402 813 reliqui
427 746 514 794 fere
538 764 692 795 omnes
719 764 817 795 cum
848 747 998 810 graecis
1026 746 1189 798 sabulis
1221 748 1391 797 confusi
1416 752 1665 817 supersint,

242 821 420 890 plurimi
454 821 712 871 interierint.
748 824 816 871 Ex
850 822 941 872 sola
976 824 1092 873 enim
1125 826 1371 874 accessione
1405 826 1664 890 religionum

243 918 500 964 graecarum,
520 919 638 967 quae,
654 920 790 967 quum
804 900 1077 969 frequentior
1088 903 1362 953 consuetudo
1374 904 1487 953 inter
1503 916 1666 953 utrum-

242 997 329 1045 que
343 977 558 1045 populum
572 977 842 1028 intercedere
860 980 993 1047 coepit
1008 1017 1020 1038 ,
1042 981 1231 1030 Romam
1247 979 1397 1030 delatae
1415 994 1539 1038 sunt,
1558 1001 1667 1030 non-

241 1059 348 1107 dum
372 1057 540 1125 patrios
560 1057 736 1124 mythos
755 1071 1002 1107 summotos
1032 1078 1126 1108 esse
1162 1071 1203 1107 et
1234 1059 1469 1108 decessisse
1493 1079 1663 1108 necesse.

242 1148 321 1185 est.
349 1135 576 1203 Heynius‚
608 1134 694 1185 Vir
719 1134 788 1184 lll.
813 1135 843 1183 l.
871 1156 907 1185 c.
933 1136 987 1185 ad
1010 1156 1193 1203 pravum
1217 1136 1327 1186 illud
1358 1138 1660 1187 Romanorum

239 1214 460 1272 studium,
495 1233 646 1263 omnes
677 1232 748 1263 res
774 1233 875 1263 suas
903 1214 1174 1282 antiquiores
1199 1215 1595 1282 adeoque-mythos
1619 1230 1661 1264 ct

239 1291 476 1355 religiones
505 1292 562 1340 ab
594 1292 845 1358 antiquiore
877 1292 1028 1359 aliquo
1058 1293 1230 1359 populo
1253 1314 1290 1341 v.
1320 1313 1355 1341 c.
1381 1293 1588 1358 Trojanis
1618 1307 1662 1342 et

243 1367 419 1418 Graecis..
430 1367 676 1434 repetendi,
702 1367 814 1415 hanc
831 1386 922 1416 rem
941 1368 1085 1416 refert.
1106 1368 1242 1417 Aliud
1260 1368 1368 1418 mihi
1393 1382 1660 1419 momentum

238 1444 319 1493 hac
341 1444 387 1491 in
406 1461 534 1492 causa
553 1443 735 1509 insuper
755 1444 1090 1510 ponderandum
1104 1444 1289 1492 videtur.
1306 1444 1523 1494 Videmus
1544 1446 1659 1493 enim

237 1520 432 1588 populos
456 1520 665 1588 antiquos
687 1521 733 1569 in
757 1521 911 1588 primis
936 1520 1116 1570 culturae
1140 1521 1352 1585 gradibus
1374 1534 1595 1571 versantes
1618 1535 1661 1570 et

236 1609 338 1646 ante
361 1596 468 1647 artis
490 1597 733 1664 scriptoriae
757 1596 824 1645 vel
849 1596 1041 1664 plasticae
1070 1597 1195 1645 initia
1220 1597 1277 1647 ad
1298 1596 1471 1646 fabulas
1494 1610 1538 1646 et
1561 1596 1660 1646 reli-

236 1675 389 1740 giones
418 1693 519 1724 suas
547 1673 859 1742 propagandas
886 1686 930 1723 et
961 1675 1211 1743 posteritati
1245 1673 1476 1724 tradendas
1507 1675 1660 1723 oermi-

236 1755 371 1804 nibus
389 1791 402 1813 ‚
434 1773 531 1821 quae
551 1773 575 1802 a
599 1754 752 1803 bardis
775 1754 867 1803 suis
889 1754 1132 1821 composita
1155 1754 1442 1821 omniumque
1470 1773 1545 1803 ore
1577 1754 1659 1803 sre-

236 1842 443 1898 quentata
467 1842 592 1879 erant
609 1868 621 1888 ‚
650 1830 705 1880 ad
728 1849 867 1879 unum
892 1830 980 1879 sere
1005 1849 1158 1879 omnes
1182 1850 1288 1879 usos
1315 1850 1423 1880 esse.
1455 1831 1660 1879 llabuere

233 1906 448 1973 ejusmodi
483 1906 675 1956 carmina
719 1906 859 1955 Graeci
878 1943 891 1962 ‚
928 1907 1147 1963 Romani,
1186 1906 1392 1955 Germani
1411 1944 1423 1963 ‚
1469 1907 1655 1956 liebraei.

234 1983 346 2047 Quae
362 1982 399 2032 si
418 1982 576 2046 igitur,
597 1980 663 2030 vel
685 1981 744 2030 ob
759 1981 1003 2031 naturalem
1024 2001 1177 2031 eorum
1201 1983 1518 2049 praestantiam‚
1542 1995 1591 2031 ut
1613 1984 1658 2031 in

231 2058 381 2121 graecis
404 2056 672 2107 carminibus
697 2057 1035 2107 llomeridarum
1054 2095 1065 2116 ‚
1100 2058 1165 2106 vel
1190 2078 1291 2108 casu
1317 2059 1467 2126 aliquo
1490 2072 1654 2108 servata

231 2149 360 2195 sunt,
384 2148 550 2187 veteres
573 2135 658 2185 illae
680 2136 786 2185 ideae
808 2148 852 2184 et
871 2136 1030 2185 sabulae
1052 2136 1184 2202 hujus
1207 2137 1364 2204 populi
1386 2157 1486 2185 cum
1506 2138 1559 2185 iis
1575 2156 1655 2204 po·

229 2213 415 2263 steritati
440 2212 607 2261 traditae
629 2223 673 2261 et
694 2211 819 2278 quasi
843 2211 1018 2261 sancitae
1042 2224 1169 2271 sunt3
1196 2232 1220 2261 e
1241 2213 1462 2261 contrario
1481 2232 1580 2261 cum
1600 2212 1653 2259 iis

227 2291 425 2359 plurimae
449 2292 592 2356 gentis
615 2290 774 2340 sabulae
797 2290 987 2357 periere,
1020 2303 1063 2339 et
1094 2292 1271 2341 unicum
1304 2304 1407 2340 tuuc
1438 2291 1651 2340 memoria.-

227 2388 366 2432 genus
388 2386 585 2419 mansere
608 2367 722 2417 ritus
744 2367 856 2417 sacri
878 2369 924 2416 iu
950 2369 1205 2417 memoriam
1225 2369 1420 2417 Deorum
1442 2367 1647 2416 instituti.

227 2450 292 2497 lta
315 2448 430 2498 inter
452 2449 680 2498 Romanos
705 2447 870 2495 sactum
892 2464 986 2495 esse
1007 2447 1214 2497 arbitror.
1243 2447 1384 2496 Rudia
1411 2446 1483 2495 illa
1502 2485 1513 2503 ,
1554 2467 1651 2515 quae

226 2527 401 2575 Latium
422 2538 466 2575 et
485 2526 630 2574 Roma
651 2523 843 2573 habuere
857 2561 870 2583 ‚
891 2525 1030 2591 patria
1054 2526 1245 2574 carmina
1272 2530 1308 2587 ¹,
1331 2526 1440 2574 citra
1463 2526 1647 2575 dubium

269 2655 277 2674 ¹
306 2652 489 2698 Ejusmodi
506 2652 607 2687 sunere
625 2652 777 2687 Sat-ran·
792 2664 904 2686 ωηατ
972 2663 1006 2695 t,
1032 2653 1115 2694 158.
1136 2660 1171 2688 et
1190 2651 1326 2687 Ennius
1344 2651 1433 2698 apud
1455 2653 1529 2688 Cic.
1551 2654 1635 2688 Brut

222 2712 337 2742 metro
347 2705 426 2741 rudi
438 2713 472 2741 et
483 2704 776 2747 inconditmflor.
789 2717 842 2750 ep.
853 2704 903 2750 n,
974 2706 1034 2746 18;
1051 2708 1203 2741 car-ehu
1211 2705 1370 2740 ohtam.
1389 2711 1525 2750 postea.
1538 2718 1646 2750 quum
