1826 3054
507 184 577 228 IN
616 184 861 228 OVIDII
895 184 1193 228 FASTOS.
1475 186 1561 247 495

320 288 418 323 Dum
436 274 581 333 loquor,
601 288 698 323 elatae
714 287 926 323 metuendus
943 289 1103 323 acumine
1121 289 1238 323 cauda

387 347 547 392 Scorpius
563 346 601 381 in
619 347 747 382 virides
765 347 1001 392 praecipitatur
1017 360 1132 392 aquas.

148 432 311 480 Eadem
340 444 485 480 tamen
509 431 795 494 ambiguitate
816 431 1024 480 notandus
1045 433 1120 480 en't
1142 444 1186 481 et
1209 434 1325 482 Fast.
1350 434 1391 478 V
1405 471 1418 491 ‚
1444 435 1535 500 417
1553 434 1583 492 ‚'

149 509 202 556 de
223 528 365 557 occasu
389 508 494 557 dicit
507 503 525 556 ⁴:

324 623 486 668 Scorpius
505 623 540 658 in
558 623 640 658 caelo
653 650 663 666 ,
684 635 792 669 quum
809 636 882 658 cras
901 623 1071 658 lucescere
1091 623 1210 658 Nonas

383 683 543 718 Dicimus
557 709 566 726 ‚
586 697 606 717 a
623 682 740 718 media
756 690 854 728 parte
872 683 1048 718 notandus
1065 683 1132 718 erit
1147 698 1157 724 ;

146 776 226 824 ubi
247 777 358 825 mihi
380 797 471 825 non
494 777 753 844 persuadere
777 797 981 845 possum,
1004 790 1206 845 poetam,
1234 779 1271 827 si
1292 797 1475 827 occasum
1496 779 1568 827 in-

147 871 276 900 nuere
301 852 491 902 voluerit
509 891 520 911 ‚
557 854 759 902 notandus
784 855 860 902 erit
890 854 1031 903 dicere
1056 855 1270 921 potuisse.
1302 856 1355 902 In
1380 866 1568 921 utroque

145 929 245 977 loco
267 943 442 996 poetam
471 943 616 980 ortum
642 931 730 980 sibi
753 932 967 995 cogitasse
981 970 993 989 ‚
1022 931 1197 981 credere
1219 931 1307 979 fere
1325 931 1565 980 maluerim.

601 1118 662 1122 —-
673 1119 1004 1123 ——fflc
1014 1119 1194 1123 -—--*—
1202 1119 1394 1123 ...ὴ-*-
1401 1116 1564 1123 -—fl—-

566 1213 1008 1270 EXCURSUS
1054 1215 1158 1270 IV.

147 1381 200 1409 mi
223 1381 471 1418 QUIBUSDAM
491 1380 666 1410 VETERIS
686 1381 836 1410 lTALlAE
854 1380 1103 1410 Nummuws
1121 1380 1173 1409 ET
1193 1381 1303 1410 umis
1325 1381 1571 1410 RELmlosls.

147 1490 215 1557 M
221 1521 405 1556 AXIME
432 1509 617 1558 fortasse
644 1508 808 1558 ovidio
834 1508 1068 1558 debeamus
1094 1528 1165 1558 eas
1182 1547 1194 1567 ,
1228 1528 1339 1574 quas
1362 1509 1495 1558 nobis
1519 1509 1574 1557 de

144 1587 302 1634 veteris
327 1585 463 1635 Italiae
484 1587 652 1653 mythis
671 1586 854 1652 reliquit
875 1586 1083 1643 notitias,
1118 1597 1163 1634 et
1189 1585 1309 1633 haud
1340 1585 1466 1634 facile
1494 1585 1574 1634 ali-

147 1665 245 1730 quis
268 1665 460 1730 scriptor
482 1677 550 1713 est
569 1704 581 1724 ,
613 1665 690 1731 qui
714 1664 907 1712 difficilis
930 1664 1065 1729 hujus
1087 1683 1169 1713 nec
1191 1676 1336 1712 tamen
1358 1665 1503 1713 tenuis
1528 1676 1574 1713 et

147 1743 427 1792 infructuosae
453 1744 710 1811 quaestionis
728 1781 741 1801 ‚
776 1763 873 1810 quae
895 1744 940 1791 in
964 1755 1157 1792 veterum
1178 1743 1439 1792 Latinorum
1461 1743 1573 1792 ideis

146 1820 386 1883 religiosis,
413 1822 672 1871 numinibus
694 1834 740 1871 et
762 1822 925 1888 mythis
950 1822 1205 1871 enarrandis
1230 1834 1275 1870 et
1294 1823 1350 1870 ab
1375 1823 1574 1888 interpo-
1614 1818 1617 1821 ’

149 1898 309 1946 latione
354 1918 487 1960 graeca
530 1899 827 1948 discernendis
862 1912 1060 1948 versatur
1080 1937 1092 1957 ‚
1128 1899 1274 1948 denuo
1305 1900 1574 1952 excutiendae

149 1975 343 2023 officium
366 1976 501 2038 magis
526 1976 741 2041 injungat.
775 1977 965 2025 Omnem
987 1977 1100 2025 hanc
1124 1995 1216 2024 rem
1236 2014 1248 2034 ‚
1282 1977 1330 2024 in
1355 1996 1441 2043 qua
1465 1988 1575 2025 vete·

148 2073 243 2101 rum
268 2054 516 2102 testimonia
539 2073 652 2120 saepe
674 2066 760 2102 tam
780 2073 920 2120 pauca
938 2067 1135 2112 exstant,
1161 2067 1204 2103 et
1221 2056 1405 2122 insuper
1424 2056 1574 2106 critica

150 2131 407 2198 plerumque
421 2132 621 2195 indigent
632 2132 900 2181 severissima
910 2171 921 2190 ‚
938 2153 1075 2199 quum
1082 2153 1175 2181 non
1186 2153 1285 2182 raro
1295 2152 1446 2182 verum
1458 2135 1575 2182 inter

148 2211 286 2259 multa
319 2210 473 2259 frivola
506 2222 550 2259 et
579 2211 962 2273 grammaticorum
992 2212 1164 2260 somnia
1190 2211 1325 2260 lateat
1343 2251 1355 2270 ‚
1386 2213 1575 2260 maxime

149 2287 361 2336 lubricam
389 2307 482 2336 esse
511 2299 556 2336 et
587 2288 764 2336 nonnisi
791 2289 836 2336 in
870 2289 1073 2356 partibus
1102 2289 1157 2337 ad
1186 2301 1349 2338 certam
1381 2289 1575 2355 aliquam

151 2362 290 2411 lucem
323 2358 472 2412 referri
503 2383 633 2429 posse
656 2401 667 2420 ‚
706 2376 751 2412 et
781 2363 910 2412 multi
946 2365 1149 2413 viderunt
1167 2403 1179 2422 ‚
1213 2377 1257 2413 et
1282 2385 1329 2413 re
1361 2365 1458 2431 ipsa
1476 2401 1489 2421 ‚
1523 2376 1576 2412 ut

150 2459 266 2488 nuuc
298 2453 391 2498 est,
426 2442 623 2489 conditio
654 2442 831 2489 indicat.
867 2442 1055 2505 Egregie
1085 2443 1131 2490 in
1163 2442 1428 2509 quibusdam
1461 2442 1574 2490 viam

154 2518 322 2583 praeivit
344 2518 508 2568 Illustr.
527 2520 670 2584 Heyn.
697 2521 839 2582 (Exc.
863 2519 891 2566 5
906 2532 950 2567 et
974 2519 1005 2566 6
1022 2520 1075 2568 ad
1088 2520 1217 2582 Virg.
1243 2520 1346 2568 AEn.
1361 2520 1504 2584 Vll),
1530 2531 1575 2567 et

152 2595 244 2643 fore
259 2634 271 2653 ‚
292 2607 344 2643 ut
364 2597 450 2660 jam
469 2596 573 2644 dum
592 2597 683 2644 haec
703 2596 850 2644 scribo
864 2634 875 2654 ‚
893 2596 949 2643 ab
972 2596 1026 2644 iis
1040 2634 1052 2653 ‚
1077 2598 1155 2663 qui
1177 2597 1402 2663 praemium
1425 2597 1471 2644 in
1492 2597 1571 2646 hac

154 2672 368 2720 academia
403 2673 455 2720 de
492 2673 642 2721 eadem
676 2692 722 2720 re
759 2672 1015 2738 explicanda
1051 2675 1333 2741 propositum
1366 2675 1574 2723 ambituri
