1826 3054
516 239 908 284 FASTORUM
945 240 1074 283 LIB.
1111 241 1180 283 11.

142 333 274 381 Forte
300 351 445 381 comes
469 331 657 380 dominae
677 331 848 397 juvenis
870 331 1130 398 Tirynthius
1147 331 1240 380 ibat
1260 351 1269 379 :

1482 258 1555 284 111

1499 349 1563 382 305

209 409 333 457 Vidit
354 410 409 458 ab
435 408 605 458 excelso
629 411 808 458 Faunus
829 421 1067 476 utrum-que
1089 409 1210 475 jugo.

145 487 295 544 Vidit,
322 499 366 535 et
383 486 590 545 incaluit,
615 489 919 554 Mon-tanaque
940 487 1147 545 numina,
1173 486 1310 545 dixit,

210 564 284 612 Nil
307 565 415 613 mihi
440 564 670 614 vobiscum
695 577 763 614 est
785 586 794 614 :
815 565 907 613 haec
931 584 1055 613 meus
1079 564 1211 613 ardor
1234 565 1328 613 erit.

146 642 243 689 Ibat
265 642 457 691 odoratis
480 644 690 692 humeros
713 643 889 710 perfusa
912 642 1082 709 capillis

209 722 396 770 Maeonis
410 760 422 780 ‚
444 735 597 771 aurato
623 722 936 789 conspicienda
959 722 1073 769 sinu.

1504 739 1567 771 310

148 800 289 847 Aurea
312 798 535 865 pellebant
554 800 735 867 rapidos
760 799 1015 849 umbracula
1037 798 1179 857 soles;

211 877 323 940 Quae
347 889 489 925 tamen
513 878 739 927 Herculeae
763 878 1010 927 sustinuere
1033 896 1203 926 manus.

145 953 329 1020 Jamque
351 974 506 1004 nemus
527 956 717 1015 Bacchi,
738 955 883 1004 Tmoli
907 956 1051 1004 vineta
1067 993 1079 1013 ‚
1104 955 1310 1013 tenebat3

211 1031 436 1097 Hesperus
460 1045 505 1080 et
525 1033 650 1081 fusco
673 1034 874 1082 roscidus
898 1034 992 1082 ibat
1016 1053 1145 1100 equo.

143 1142 240 1182 prim
250 1140 399 1184 positum
420 1154 438 1175 a
451 1141 604 1176 librario.
627 1142 728 1177 Etita
738 1142 821 1176 olim
884 1141 1019 1185 bullus,
1039 1143 1076 1186 1,
1096 1153 1117 1175 x
1132 1167 1141 1184 ‚
1159 1141 1427 1182 68.—Aumtus,
1442 1142 1497 1176 cui
1510 1155 1574 1177 au—

149 1200 184 1226 et
201 1193 367 1228 Heinsius
388 1195 604 1239 conjecerat,
624 1196 677 1229 vel
697 1199 823 1240 prisca.

150 1246 353 1279 —Herculcs
363 1246 415 1280 vel
429 1247 473 1280 ob
486 1246 641 1292 Iphitum
658 1248 822 1291 occisum,

150 1296 202 1329 vel
221 1297 265 1330 ob
282 1297 454 1342 tripodem
477 1297 520 1332 de
550 1298 721 1343 Apollinis
740 1299 825 1333 sano

150 1348 334 1392 sublatum,
352 1362 370 1383 a
382 1349 560 1384 Mercurio
578 1349 763 1395 Omphalae
774 1363 825 1385 re-

150 1401 284 1445 ginaein
302 1403 504 1437 servitutem
521 1409 570 1437 est
587 1402 697 1437 datus.
721 1402 825 1437 Phe-

150 1452 264 1499 recyd.
281 1453 372 1498 apud
392 1453 628 1488 Sobel-Hom.
645 1454 686 1488 ad
702 1453 773 1489 Od.
789 1462 823 1498 Φ,

152 1506 214 1546 233
234 1506 366 1553 Hygin.
379 1506 446 1542 sab.
466 1508 518 1541 32.
533 1527 577 1532 —
594 1509 753 1548 Comites,
770 1507 823 1541 sa-

149 1556 253 1600 muli,
270 1558 419 1593 ministri
432 1566 470 1593 ut
482 1572 528 1594 vs.
542 1559 619 1602 333,
636 1559 693 1593 ubi
706 1567 824 1594 tamen

150 1609 318 1645 Hercules
331 1611 374 1645 ab
391 1611 431 1646 iis
445 1611 688 1658 distinguitur,
705 1619 740 1647 et
756 1614 826 1646 do-

146 1663 246 1695 minis
262 1665 686 1699 annumeratur.—Ardor
697 1664 740 1698 de
752 1677 826 1710 per-

146 1725 230 1747 sona
242 1727 319 1759 quae
329 1715 491 1751 ardorem
508 1717 643 1761 excitat,
655 1717 725 1751 sive
737 1730 827 1751 ama-

148 1770 206 1798 tur
219 1765 260 1799 ab
280 1766 399 1801 altero.

198 1817 273 1852 310.
300 1820 443 1854 Maeom‘s
460 1847 468 1861 ‚
502 1820 621 1868 Lydia.
649 1820 825 1866 Omphale

147 1870 243 1902 enim
269 1870 388 1917 Lydiae
408 1873 528 1918 regina
549 1899 558 1916 ,
587 1873 704 1908 Tmoli
729 1886 827 1907 uxor.

153 1921 308 1966 Apollod.
322 1924 374 1967 11,
390 1935 429 1958 vr
441 1951 450 1966 ‚
463 1926 502 1966 3;
516 1925 648 1972 Hygin.
660 1926 702 1960 P.
719 1925 762 1960 A.
777 1926 827 1970 ll,

154 1975 202 2016 14.
218 1993 262 1999 -
277 1976 348 2015 Ire,
364 1983 403 2009 ut
417 1975 494 2010 alibi
511 1979 679 2018 incedere,
700 1977 743 2012 de
764 1978 804 2012 iis
817 2005 826 2021 ,

150 2038 300 2070 quorum
327 2034 471 2061 ornatus
482 2054 491 2070 ,
521 2028 742 2073 pulchritudo
769 2037 829 2064 aut

149 2077 309 2121 majestas
325 2077 540 2113 describitur.
555 2079 636 2113 vid.
653 2080 827 2116 Brouckh.

150 2127 192 2161 ad
202 2128 394 2173 Tibullum,
410 2130 464 2173 11,
483 2140 528 2163 111
543 2157 552 2173 ‚
567 2133 830 2165 52.—Humeros

141 2181 297 2224 perfusa,
320 2195 428 2228 quum
446 2196 555 2218 comae
576 2184 694 2218 annuli
714 2185 749 2218 in
768 2184 829 2218 hu-

148 2234 252 2269 meris
263 2234 484 2270 fluctuarent.
502 2235 638 2281 Apulei.
660 2237 750 2270 Met.
771 2237 826 2281 n,

150 2300 167 2316 ἰ
185 2285 312 2323 Crines
321 2289 453 2323 cervice
466 2289 667 2334 dependuli,
681 2302 719 2324 ac
734 2289 830 2324 dein-

149 2352 167 2367 »
185 2338 228 2373 de
243 2352 307 2384 per
318 2341 404 2374 rolla
416 2340 581 2386 dispositi.
594 2356 662 2371 »—
677 2342 829 2375 odorati.

149 2387 271 2434 Capilli
281 2390 459 2426 interdum
473 2392 752 2428 totamArabiam
765 2393 830 2439 spi-

148 2441 278 2476 rabant.
300 2442 490 2488 Lucianus,
510 2445 591 2478 Am.
605 2459 630 2479 s.
654 2447 706 2488 4⁰·
729 2444 828 2480 Culti

149 2493 256 2535 capilli
271 2502 305 2529 et
320 2499 415 2529 sinus
430 2497 532 2531 vestis
546 2496 601 2531 vel
613 2496 756 2540 effusus,
771 2498 826 2531 vel

150 2558 340 2590 purpureus
354 2575 363 2592 ‚
389 2549 440 2584 vel
460 2557 599 2585 auralus
615 2578 623 2591 ‚
645 2551 681 2585 in
707 2551 828 2596 primis

148 2604 327 2642 notantur,
341 2613 451 2646 quum
461 2602 599 2637 habitus
611 2603 826 2648 elegantium

148 2647 332 2684 hominum
346 2677 355 2694 ,
371 2664 526 2687 amorem
543 2661 601 2688 aut
610 2655 826 2700 captantium

152 2707 211 2735 aut
223 2702 443 2738 excitantium
454 2732 463 2748 ‚
481 2706 696 2741 describitur.
711 2706 758 2751 V,
772 2708 825 2749 28;

154 2754 324 2791 Heroidd.
338 2757 437 2802 XIV,
451 2761 509 2803 513
524 2759 827 2802 Remed.6803Ti-

889 1209 948 1230 rea
966 1195 1023 1229 fila
1040 1196 1092 1229 vel
1111 1209 1172 1229 acu
1184 1222 1193 1239 ,
1211 1195 1263 1230 vel
1282 1195 1432 1230 texendo
1447 1196 1573 1231 addita.

890 1247 981 1282 Vide
1001 1248 1042 1282 ad
1061 1261 1200 1283 versum
1225 1249 1299 1296 319.

959 1302 996 1336 31
1007 1315 1033 1335 1.
1077 1303 1119 1335 In
1151 1302 1394 1337 instrumentis
1431 1302 1575 1337 luxuriae

891 1359 992 1387 erant
1006 1356 1218 1390 umbracula.
1237 1356 1383 1398 σκιάδια,
1399 1355 1472 1389 vela
1488 1369 1574 1389 auro

891 1411 996 1447 texta,
1013 1404 1137 1448 quibus
1149 1417 1213 1449 ope
1223 1405 1400 1450 virgarum
1410 1407 1573 1450 obtentis,

892 1462 992 1490 aestus
1009 1455 1089 1491 solis
1101 1456 1291 1491 arcebatur.
1304 1457 1381 1491 Art.
1394 1458 1509 1493 Amat.
1523 1459 1572 1500 ΙΙ,

891 1520 958 1554 ²⁰9
973 1520 981 1541 :
999 1522 1015 1537 «
1034 1508 1111 1553 Ipse
1126 1515 1207 1543 tene
1225 1508 1373 1543 distenta
1393 1509 1462 1544 suis
1485 1524 1574 1545 um·-

893 1573 911 1589 »
928 1559 1069 1594 bracula
1084 1560 1207 1605 virgis,
1225 1575 1242 1590 »
1261 1561 1340 1605 quia
1352 1561 1572 1607 plerumque,

892 1614 1100 1656 utstabella,
1117 1612 1159 1647 ab
1178 1613 1347 1648 eunuchis
1367 1621 1425 1647 aut
1438 1615 1576 1650 famulis

893 1662 1127 1707 gestabantur.
1145 1662 1329 1698 Claudian.
1342 1665 1485 1709 XVIII,
1500 1667 1574 1710 464.

891 1712 992 1748 Olim
1012 1715 1102 1749 male
1126 1715 1296 1750 edebatur
1321 1720 1450 1762 tepidos
1476 1722 1577 1754 soles.

892 1762 1030 1799 Contra
1039 1772 1180 1810 teporem
1193 1780 1265 1801 non
1278 1781 1363 1813 opus
1373 1776 1424 1803 est
1438 1770 1576 1804 umbra·

893 1815 988 1850 culis.
1008 1817 1055 1852 Et
1073 1817 1256 1854 claudian.
1275 1820 1386 1863 VIII,
1413 1821 1496 1865 340,
1516 1821 1577 1855 ubi

893 1877 1055 1904 nostrum
1068 1871 1131 1906 loc.
1149 1872 1317 1917 respexit,
1333 1888 1349 1902 «
1363 1886 1433 1907 neu
1450 1873 1575 1908 desen-

895 1936 913 1952 »
930 1935 1010 1957 sura
1023 1924 1175 1959 calorem
1196 1926 1314 1960 Aurea
1331 1935 1578 1962 summoveant

899 1990 917 2006 »
933 1976 1072 2022 rapidos
1090 1977 1292 2012 umbracula
1307 1978 1404 2014 soles.
1423 1993 1439 2008 υ
1459 1979 1505 2014 Et
1519 1993 1578 2013 m—

891 2029 996 2070 pidus
1008 2028 1059 2062 sol
1074 2041 1164 2074 saepe
1184 2029 1328 2075 legitur,
1345 2030 1425 2075 quia
1439 2033 1578 2074 rapidus

895 2079 1076 2124 epitheton
1091 2081 1190 2126 ignis.
1200 2100 1243 2106 —
1254 2084 1437 2116 Pella-bant.
1451 2083 1575 2116 Hora-

893 2131 961 2165 tius
974 2158 983 2175 ,
998 2132 1033 2167 11
1047 2159 1056 2175 ‚
1074 2132 1145 2168 Od.
1163 2145 1231 2177 xv,
1255 2146 1293 2182 ¹9
1304 2161 1313 2178 ,
1330 2138 1418 2169 ictus
1420 2134 1578 2179 fervidos

893 2187 1075 2219 excludere.

938 2236 1012 2269 313.
1037 2238 1151 2271 Tmoli
1160 2241 1290 2279 vineta,
1311 2239 1506 2284 quaenetinm
1523 2241 1577 2275 VI

895 2286 1042 2322 Metam.
1067 2292 1126 2332 15,
1145 2298 1413 2334 memorantur,
1445 2298 1478 2326 et
1497 2292 1578 2326 satis

895 2340 1067 2375 celebrata
1082 2350 1195 2386 erant,
1210 2344 1300 2377 bene
1318 2357 1432 2378 nemus
1444 2347 1585 2379 Bacchi

895 2391 1061 2427 dicuntur
1086 2406 1150 2438 per
1171 2396 1440 2440 appositionem.
1468 2397 1577 2431 Recte

894 2443 999 2489 igitur
1018 2444 1246 2480 Burmannus
1261 2447 1349 2482 hanc
1376 2447 1577 2483 Farnesiani

894 2498 969 2532 cod.
984 2498 1171 2534 lectionem
1183 2502 1312 2546 recepit
1321 2504 1384 2546 pro'
1396 2501 1486 2547 vulg.
1496 2503 1578 2536 Jam

893 2553 1032 2586 Bacchi
1042 2565 1158 2586 nemus
1169 2560 1204 2586 et
1219 2555 1400 2589 Tmolietc.
1414 2555 1580 2589 Heinsius

894 2603 1001 2638 ductu
1035 2605 1132 2639 MSS
1170 2605 1404 2650 quorumdam
1436 2606 1577 2650 conjicit

893 2657 974 2690 Jam
987 2658 1163 2696 Bacchea,
1186 2671 1300 2693 nemus
1322 2660 1446 2696 Tmoli,
1475 2661 1576 2691 vine—-

893 2715 939 2743 ta.
955 2728 999 2735 ·-
1016 2711 1132 2755 Equus
1147 2710 1328 2755 singularis
1349 2711 1479 2752 (rarius
1495 2723 1578 2744 cur-

893 2774 972 2803 rus,
991 2761 1058 2796 vid.
1074 2761 1256 2807 Heynium
1275 2761 1315 2796 ad
1338 2761 1454 2796 Tibul.
1468 2762 1497 2805 1,
1514 2773 1551 2795 ix
1566 2788 1575 2805 ,
