1826 3054
542 251 616 295 IN
651 249 905 295 ovlml
936 247 1235 292 FAsTos.
1514 248 1594 310 49¹

354 361 621 405 Semustamque
638 359 749 394 facem
766 357 903 403 vigilata
920 363 1024 392 nocte
1044 355 1157 391 viator

422 422 538 456 Ponet
550 446 560 462 ‚
577 427 614 454 et
634 419 676 454 ad
695 419 837 454 solitum
856 417 1003 452 rusticus
1022 416 1086 450 ibit
1104 428 1210 461 opus3

353 479 511 515 Pleiades
526 478 698 524 incipiunt
715 479 882 513 humeros
899 476 1054 512 relevare
1071 482 1235 521 paternos
1246 501 1257 518 ‚
1275 480 1339 509 etc.

182 576 215 620 Γ
218 592 294 622 usa
314 572 608 638 descriptione
628 584 802 638 tempus
823 569 1092 618 matutinum
1114 568 1279 617 indicat
1293 605 1305 626 ‚
1332 567 1412 615 ubi
1434 586 1602 635 vesper-

184 650 300 697 tinus
325 660 392 697 est
415 668 610 711 occasus.
632 648 700 696 Cf.
725 646 855 696 Pfaff.
880 665 925 713 p.
949 644 1011 692 63
1034 657 1079 694 et
1100 644 1176 706 64.

244 727 361 774 Fast.
386 726 442 782 V,
471 724 577 786 545.
615 726 803 773 Noctem
837 722 1040 772 contrahi
1062 735 1107 771 et
1135 722 1341 784 aufugere
1374 720 1508 769 solito
1539 721 1604 768 ci-

183 803 269 851 tius
302 803 445 852 sidera
474 821 662 859 canens,
695 813 747 850 ut
769 821 872 850 mox
898 800 1194 868 pulcherrima
1213 799 1374 848 Martis
1397 810 1604 865 appareat

181 880 276 938 lux,
300 881 371 930 his
391 880 536 929 verbis
559 880 701 928 utitur
721 899 732 928 τ

358 994 429 1031 Sed
447 993 531 1040 quid
550 1001 585 1029 et
605 993 719 1029 Orion
739 1000 773 1029 et
793 999 916 1029 caetera
931 992 1046 1028 sidera
1061 991 1195 1026 mundo

419 1053 557 1090 Cedere
575 1054 765 1097 festinant,
786 1066 923 1098 noxque
942 1059 1094 1088 coarctat
1109 1051 1204 1087 iter?

183 1150 242 1197 ita
264 1161 315 1197 ut
340 1149 510 1206 Orion,
534 1168 660 1197 mane
675 1148 877 1197 occidens
896 1187 908 1207 ‚
932 1166 1135 1196 occasum
1158 1146 1364 1195 festinare
1385 1144 1603 1200 videntum

182 1227 258 1275 sed
278 1228 370 1291 jam
391 1226 455 1274 die
474 1245 504 1293 9
522 1227 668 1292 April.
688 1228 805 1274 Fast.
830 1227 910 1283 IV,
930 1223 1021 1290 387
1040 1262 1052 1281 ‚
1075 1224 1233 1290 primae
1252 1223 1346 1287 ejus
1362 1233 1509 1288 partes
1534 1240 1607 1268 re-

182 1304 300 1369 speri
323 1303 594 1360 oceiderant,
619 1314 671 1351 ut
695 1302 883 1351 Ovidius
900 1300 964 1348 ibi
987 1299 1269 1366 explicandus
1294 1310 1360 1347 est
1378 1318 1400 1346 e
1422 1297 1570 1346 Plinio
1594 1317 1603 1343 :

182 1383 295 1428 Non.
320 1383 430 1446 Apr.
459 1402 482 1422 «
512 1380 657 1429 Orion
680 1391 725 1428 et
750 1378 935 1426 Gladius
958 1377 1051 1442 ejus
1070 1376 1293 1442 incipiunt
1313 1375 1525 1424 abscondi
1542 1413 1555 1432 ,
1580 1398 1604 1418 »

183 1469 225 1504 et
248 1456 318 1504 die
348 1474 364 1502 1
381 1474 397 1502 1
427 1455 538 1503 Maii
562 1455 742 1522 reliquae
767 1455 860 1520 ejus
882 1466 1032 1521 partes
1064 1464 1221 1501 secutae
1254 1464 1377 1501 erant
1399 1453 1516 1500 Fast.
1541 1454 1604 1509 V,

184 1532 275 1599 493
291 1544 336 1582 et
359 1533 452 1599 494
480 1533 568 1597 (cf.
589 1532 721 1580 Psasf.
747 1551 792 1598 p.
823 1531 916 1592 84)
934 1569 946 1589 ,
971 1531 1032 1579 ita
1054 1541 1107 1579 ut
1127 1550 1182 1578 ne
1203 1530 1373 1597 vesperi
1396 1529 1573 1596 quidem
1593 1567 1605 1586 ,

180 1611 343 1660 nedum
366 1629 447 1677 per
468 1622 645 1658 noctem
677 1621 722 1658 et
752 1627 893 1664 manc,
930 1608 1051 1675 quod
1086 1607 1276 1656 Ovidius
1306 1605 1434 1664 vult,
1467 1606 1607 1655 ullum

183 1688 367 1737 Orionis
390 1687 623 1749 vestigium
646 1686 693 1734 in
715 1685 820 1734 caelo
845 1696 961 1734 esset
975 1723 988 1743 ,
1014 1697 1205 1751 quatuor
1221 1684 1378 1732 diebus
1400 1696 1505 1750 post
1529 1704 1607 1732 oc-

185 1784 333 1814 casum
370 1764 464 1829 ejus
490 1763 787 1829 vespertinum
810 1783 821 1811 2
847 1762 987 1811 Locus
1007 1763 1231 1811 luculenter
1250 1763 1336 1828 ejus
1370 1762 1606 1828 imperitiam

183 1846 387 1908 arguens!

250 1918 316 1967 Cf.
338 1917 517 1983 insuper
535 1919 602 1965 III
614 1955 626 1974 ‚
643 1916 737 1978 403
753 1955 764 1974 ,
792 1936 888 1983 quae
901 1917 989 1966 huc
1008 1917 1139 1965 etiam
1157 1916 1394 1983 pertinent.
1419 1915 1607 1980 Majoris

183 1996 271 2044 sere
300 1994 513 2042 momenti
537 2005 640 2042 sunt
668 2013 718 2042 ea
741 1993 859 2051 loca,
885 1994 966 2042 ubi
998 2013 1200 2042 occasum
1234 1994 1363 2041 etiam
1387 2005 1433 2041 et
1459 2004 1607 2041 ortum

185 2073 446 2122 commutari
481 2071 652 2120 nullum
693 2071 877 2120 dubium
908 2084 987 2121 est.
1024 2074 1079 2119 In
1102 2072 1173 2120 his
1202 2072 1334 2120 etiam
1363 2071 1474 2120 locis
1505 2090 1606 2119 raro

186 2164 360 2219 poetam
377 2150 699 2200 emendandum
715 2169 934 2200 censerem
947 2188 960 2208 ‚
982 2162 1026 2199 et
1042 2151 1194 2216 potius
1205 2151 1362 2199 vitium
1384 2150 1606 2199 interdum

186 2231 278 2294 ejus
298 2228 598 2292 negligentiae,
622 2227 689 2276 vel
711 2228 830 2276 vitiis
849 2228 896 2275 in
919 2228 1013 2293 ejus
1030 2227 1231 2275 fontibus
1249 2228 1478 2276 tribuerim
1492 2266 1503 2286 ‚
1525 2227 1607 2275 ubi

186 2307 307 2357 facile
323 2326 448 2356 voces
465 2325 635 2373 semper
648 2318 921 2355 recurrentes
938 2306 1072 2354 oritur
1086 2318 1132 2355 et
1142 2305 1287 2354 occidit
1305 2306 1470 2372 passim
1485 2324 1607 2354 com-

186 2398 361 2435 mutatae
385 2405 478 2434 esse
500 2397 719 2452 poterant.
746 2391 758 2409 ¹

231 2504 242 2522 ¹
266 2502 448 2547 Nusquam
472 2501 548 2536 fere
572 2499 791 2545 frequentius
811 2499 862 2534 li-
927 2498 1030 2533 hodie
1048 2498 1295 2534 haeccriticain
1306 2499 1609 2546 parapegmatibm

186 2555 383 2589 brar-iorum
400 2554 602 2589 oscitatione
617 2552 864 2588 commutatio-
927 2550 1046 2595 grecis
1056 2550 1395 2594 exercendaest‚ubi
1402 2551 1508 2585 verba
1515 2554 1609 2599 ἑῷος,

189 2619 251 2640 nes
267 2613 303 2640 et
323 2605 585 2651 depravationes
610 2604 772 2639 admissas
790 2617 862 2639 esse
929 2607 1078 2654 ἑσπέριος,
1101 2607 1181 2640 enim
1194 2630 1203 2647 ,
1227 2611 1282 2640 καὶ
1301 2607 1444 2641 ‘'n-erma
1464 2617 1605 2650 semper

190 2670 295 2702 quam
315 2657 353 2691 in
376 2657 456 2692 loeis
471 2683 481 2699 ‚
502 2657 561 2692 ubi
580 2657 684 2691 verba
704 2655 863 2701 quaedam
927 2663 1125 2691 recurrunt.
1152 2657 1284 2702 Aperta
1308 2657 1536 2693 commutatio
1566 2656 1605 2690 iu

190 2721 297 2754 pauca
315 2708 520 2753 frequenter
546 2714 734 2743 recurrunt
755 2734 765 2751 ,
788 2707 864 2742 du-
928 2708 1083 2744 Gemino
1098 2709 1252 2745 Piscium
1271 2712 1311 2754 ¹4
1327 2723 1336 2745 ι
1352 2714 1525 2754 Εὖκτῆμονι
1543 2714 1603 2745 fx-

191 2761 276 2795 dum
293 2773 312 2794 a
327 2760 451 2795 criticis
473 2761 696 2795 observatum
717 2767 777 2796 est.
816 2760 863 2794 Et
927 2777 980 2800 rog
995 2765 1064 2808 ἑῷος
1082 2765 1163 2798 dvm
1174 2788 1184 2806 ,
1200 2761 1293 2808 quod
1308 2762 1519 2797 mutandum
1530 2773 1602 2797 esse
