1826 3054
496 288 568 332 IN
598 286 844 335 0V1D11
876 282 1176 327 FAsTos.
1436 268 1546 341 '489

359 413 537 450 continua
555 412 696 458 delphin
714 418 815 446 nocte
833 409 1004 445 videndus
1020 409 1086 444 erit
1098 435 1108 453 ,

141 512 262 578 quod
282 522 325 560 et
346 510 390 558 h.
413 508 443 556 l.
465 509 518 557 de
530 520 630 557 ortu
645 506 891 574 acronycho
910 504 1097 568 intelligi
1116 503 1260 552 debet.
1282 500 1448 550 Similia
1462 501 1552 549 sere

141 588 233 637 loca
252 600 377 645 sunt,
403 588 458 644 V,
485 585 602 652 733,
628 599 670 635 et
691 587 777 642 VI,
806 583 897 631 235
917 586 1042 650 (vide
1063 581 1193 632 Pfaff.
1219 601 1263 648 p.
1290 581 1351 646 74
1374 591 1418 627 et
1438 578 1551 644 75),

142 668 220 714 ubi
251 668 405 714 Bootae
439 683 618 712 occasus
648 662 889 712 matutinus
923 662 994 710 bis
1016 660 1252 727 repetitur,
1278 669 1321 706 et
1344 655 1475 705 semel
1498 656 1552 703 ad

141 746 318 799 l'tomae,
343 740 475 790 semel
499 740 553 788 ad
581 740 755 788 Graeciae
782 739 1058 787 horizontem
1087 735 1305 803 pertinet,
1337 745 1379 781 et
1401 732 1553 781 eodem

140 819 273 867 modo
297 838 343 866 se
361 818 544 866 habebit
563 837 651 865 cum
680 817 809 886 &7oe
830 827 869 864 et
899 816 1056 881 Reguli
1077 813 1329 870 occasibus,
1358 811 1445 859 alio
1473 829 1554 857 no-

141 896 256 944 mine
278 907 431 961 postea
451 894 681 943 laudandis
696 931 708 951 ,
731 914 843 960 quos
861 896 906 950 l,
929 892 1043 954 654,
1065 892 1107 939 d.
1131 890 1190 938 23
1210 892 1310 939 Jan.
1336 901 1379 938 et
1395 889 1553 936 iterum

141 975 211 1029 ll,
240 972 320 1038 75,
338 972 379 1019 d.
402 972 570 1019 2Febr.
593 970 825 1027 adscribit,
848 970 925 1018 ubi
949 970 995 1017 in
1012 968 1295 1024 Kalmdario,
1318 965 1438 1032 quod
1457 978 1556 1012 ante

142 1043 293 1092 oculos
315 1043 495 1100 habuit,
522 1042 654 1090 iidem
679 1061 860 1092 occasus
880 1042 973 1099 bis,
1000 1041 1077 1089 sed
1101 1039 1341 1089 secundum
1364 1037 1556 1084 diversos

142 1122 395 1169 horizontes
420 1120 617 1169 adnotati
637 1119 768 1168 suere.
792 1120 865 1168 Ad
884 1118 1036 1168 Ovidii
1061 1130 1206 1167 autem
1229 1116 1491 1184 imperitiam
1511 1115 1557 1161 in

141 1201 212 1247 his
234 1199 408 1247 ortibus
430 1211 474 1247 et
498 1198 727 1247 occasibus
748 1198 928 1246 carmini
953 1216 1035 1246 suo
1057 1195 1303 1245 intexendis
1320 1232 1332 1251 ‚
1354 1194 1442 1259 jam
1465 1192 1560 1258 pri-

146 1279 243 1325 dem
272 1279 515 1327 Ka'stnerus
548 1275 789 1343 aliquando
830 1276 969 1339 digito
1003 1274 1194 1324 intendit
1225 1269 1560 1338 (detnersches

149 1354 418 1423 ,Mancherley
435 1352 719 1401 astronmm'sch
739 1351 1082 1418 -philologischen
1105 1350 1273 1399 Inhalts
1296 1350 1336 1397 in
1365 1348 1407 1395 d.
1436 1365 1560 1394 neuen

143 1431 294 1495 philol.
315 1429 572 1479 Bibliothek.
594 1431 646 1477 Β.
670 1431 715 1477 II
730 1467 741 1487 ,
763 1430 827 1476 St.
850 1442 867 1477 I
886 1466 899 1487 ,
926 1448 970 1495 p.
998 1446 1021 1494 7
1053 1447 1151 1494 sqq.
1170 1429 1221 1492 ),
1249 1438 1292 1474 et
1319 1424 1531 1474 Ovidium
1548 1461 1561 1480 ‚

148 1507 255 1574 quid
268 1507 441 1556 intersit
458 1508 572 1555 inter
583 1519 730 1555 ortum
747 1519 791 1555 et
804 1526 1024 1564 occasum,
1041 1506 1109 1554 vel
1123 1505 1382 1559 matutinum,
1402 1502 1468 1549 vel
1488 1520 1562 1549 ve-

147 1585 383 1650 sper-thium,
411 1603 503 1631 non
523 1583 667 1632 solum
685 1583 927 1646 neglexisse
940 1621 952 1641 ,
978 1583 1055 1631 sed
1070 1583 1183 1631 forte
1200 1600 1255 1629 ne
1270 1581 1444 1630 scivisse
1464 1580 1567 1645 qui-

149 1662 270 1719 dem,
293 1673 338 1709 et
359 1660 484 1708 locus
506 1680 531 1709 a
549 1659 766 1709 Kiistnero
789 1661 855 1708 ibi
878 1659 1106 1726 expositus
1130 1670 1173 1706 et
1200 1656 1330 1705 multi
1348 1656 1448 1714 alii,
1485 1656 1566 1704 ubi

148 1749 293 1803 aperte
312 1737 494 1786 alterum
510 1737 634 1786 alteri
651 1738 904 1795 substituit,
919 1736 1162 1785 luculenter
1173 1746 1377 1798 arguunt.
1390 1736 1567 1782 Utrum-

152 1834 235 1880 que
261 1827 406 1863 autem
430 1833 527 1863 vere
562 1826 659 1863 toto
684 1815 789 1864 caelo
812 1815 988 1880 differre
1020 1833 1151 1863 nemo
1172 1814 1373 1876 ignorat,
1409 1811 1476 1859 vel
1499 1812 1569 1858 in-

155 1902 303 1956 specto
324 1890 460 1954 globo
483 1891 807 1958 deprehendet3
831 1894 873 1948 I,
900 1890 956 1938 31
971 1910 988 1939 1
1008 1910 1019 1939 :

333 2017 428 2062 Ergo
445 2018 503 2052 ubi
521 2031 589 2052 nox
607 2018 718 2054 aderit
733 2019 888 2054 venturis
905 2019 1007 2054 tertia
1023 2018 1126 2053 nonis
1144 2045 1154 2062 ‚

398 2077 591 2122 Sparsaque
610 2077 734 2112 caelesti
753 2090 832 2112 rore
850 2077 1005 2112 madebit
1020 2077 1170 2118 humus;

331 2135 514 2181 Octipedis
533 2135 662 2171 frustra
680 2144 883 2182 quaerentur
899 2136 1038 2171 brachia
1056 2135 1206 2177 Cancri;

405 2197 563 2241 Praeceps
581 2196 739 2231 occiduas
757 2196 813 2231 ille
830 2197 955 2231 subivit
972 2209 1087 2241 aquas.

221 2293 386 2357 Aperte
411 2311 612 2340 occasum
642 2291 940 2356 vespertinum
962 2291 1094 2338 verba
1115 2291 1322 2338 innuunt.
1354 2290 1574 2340 Occasum

161 2380 305 2416 autem
334 2369 571 2416 matutinum
613 2367 847 2416 dicendum
882 2367 1017 2417 fuisse
1048 2387 1198 2417 omnes
1231 2368 1445 2416 viderunt.
1487 2367 1576 2414 Pro

160 2446 290 2494 ader-it
319 2459 463 2495 autem
492 2446 729 2495 rescribere
749 2446 876 2502 abiit,
921 2447 1003 2495 etsi
1039 2445 1224 2495 latinum
1245 2446 1387 2504 foret,
1411 2464 1493 2493 nec
1515 2444 1576 2493 ob

165 2536 416 2590 sequentem
430 2543 602 2572 versum
616 2523 740 2581 licet,
763 2523 844 2589 qui
858 2542 1083 2590 vesperam
1097 2525 1263 2582 innuit,
1282 2543 1363 2572 nec
1374 2523 1447 2571 hic
1460 2541 1582 2572 error

167 2619 336 2666 semper
358 2620 584 2649 recurrens
606 2599 817 2647 concedit.

231 2679 281 2733 1,
305 2677 399 2724 653
417 2678 438 2742 (
456 2678 496 2725 d.
523 2677 583 2724 23
604 2679 702 2725 Jan.
722 2677 744 2741 )
764 2678 960 2726 Occasus
977 2679 1099 2743 Lyrae
1121 2676 1372 2742 vespertinus
1388 2694 1487 2724 cum
1506 2694 1581 2723 oc-

172 2772 271 2802 casu
298 2753 458 2816 Reguli
480 2755 708 2820 vespertino
721 2753 931 2818 jungitur.
953 2754 1073 2801 Toto
1097 2752 1200 2802 caelo
1222 2753 1307 2802 hos
1330 2752 1505 2801 differre
1529 2770 1583 2800 ne
