1826 3054
187 235 275 290 488
713 236 1093 283 EXCURSUS

187 350 324 380 unum
348 329 623 381 horizontem
646 351 870 400 unumque
893 351 1029 381 aevum
1052 348 1205 381 omnes
1237 330 1360 379 nullo
1381 331 1516 381 modo
1536 351 1605 381 re-

187 409 332 458 vocari
353 428 508 477 posse,
530 409 636 459 alias
659 410 715 459 ad
737 429 986 468 romanum,
1019 408 1125 459 alias
1142 408 1198 457 ad
1221 407 1494 457 Alexandriae
1518 409 1603 456 ho-

187 488 401 537 rizontem
425 490 640 557 pertinere
655 526 669 545 ‚
699 508 885 556 eumque
906 487 1040 537 modo
1065 504 1223 550 graecas
1247 486 1382 534 modo
1405 504 1607 535 romanas

189 566 472 615 auctoritates
495 566 640 633 sequi,
668 565 814 615 statim
837 564 1067 628 intelliget.
1100 566 1204 613 Non
1229 563 1345 612 enim
1367 582 1465 612 cum
1492 564 1608 611 Pon-

189 642 333 691 tedera
353 648 361 668 ¹
388 643 625 692 consentiri
644 654 813 710 potest,
838 643 915 710 qni
933 662 1034 692 eum
1052 642 1237 691 maxime
1253 642 1378 691 sastis
1401 642 1607 698 Caesaris,

190 719 266 785 qui
287 731 438 786 postea
457 719 540 768 sub
560 721 765 782 Augusto
783 719 1055 769 emendatius
1073 719 1349 787 prodierunt,
1369 738 1496 768 usum
1516 738 1611 767 esse

190 796 352 855 voluit,
378 797 501 864 quod
531 798 707 847 nonnisi
745 798 1007 865 quibusdam
1041 798 1087 846 in
1118 797 1255 856 locis,
1279 797 1359 846 ubi
1382 816 1479 847 vere
1511 818 1610 846 cum

191 893 281 923 aevo
306 874 485 923 Juliano
510 887 552 923 et
570 877 724 925 Romae
742 875 974 926 horizonte
995 874 1227 933 convenit,
1251 875 1431 924 concedi
1451 887 1609 943 potest.

192 951 572 1001 Verisimillimum
589 953 672 1002 erit
693 964 738 1002 et
759 953 943 1003 maxime
962 966 1299 1003 consentaneum
1323 953 1504 1010 rationi,
1526 972 1612 1019 qua

194 1026 384 1078 Ovidius
410 1029 459 1078 in
481 1031 601 1079 omni
621 1030 707 1079 hoc
728 1043 986 1095 argumento
1007 1043 1203 1081 versatus
1218 1043 1303 1089 est,
1327 1031 1471 1098 ipsum
1484 1050 1612 1079 usum

192 1123 287 1153 esse
313 1104 458 1162 fastis,
486 1105 637 1173 quales
661 1105 794 1155 Plinii
816 1117 860 1155 et
884 1106 1139 1156 Columella:
1163 1118 1289 1164 sunt,
1323 1107 1403 1155 ubi
1426 1118 1552 1155 ortus
1570 1118 1614 1154 et

194 1200 376 1231 occasus
394 1181 610 1230 secundum
633 1182 772 1231 varias
781 1183 931 1249 plagas
946 1183 1131 1231 mmotati
1147 1188 1162 1207 ²
1182 1194 1330 1240 erant,
1351 1194 1396 1231 et
1414 1182 1516 1230 inde
1530 1200 1614 1248 pro

193 1257 343 1307 lubitu
365 1272 409 1309 et
430 1272 480 1308 ut
503 1260 710 1309 carminis
728 1260 920 1309 rationes
942 1260 1257 1317 admittebant,
1283 1260 1615 1309 notissimorum

195 1334 390 1384 siderum
412 1338 690 1403 apparentias
713 1336 847 1386 modo
871 1337 997 1395 huic,
1021 1338 1154 1386 modo
1182 1337 1256 1388 alii
1286 1338 1506 1387 horizonti
1538 1338 1617 1385 ad-

195 1413 380 1479 scriptas
399 1414 443 1462 in
459 1433 630 1463 carmen
648 1434 776 1464 suum
795 1414 1080 1464 transtulisse.
1101 1415 1391 1465 Luculentius
1406 1416 1491 1464 hoc
1507 1415 1617 1463 mihi

197 1508 375 1552 arguere
411 1491 616 1541 videntur
645 1510 694 1540 ea
722 1490 818 1539 loca
833 1529 846 1549 ‚
870 1492 949 1542 ubi
974 1494 1171 1558 ejusdem
1193 1494 1327 1544 steilae
1358 1494 1472 1542 idem
1494 1504 1620 1541 ortus

200 1566 271 1615 bis
294 1569 476 1618 diversis
498 1569 658 1618 diebus
680 1569 931 1635 adscriptus
951 1582 1041 1628 est,
1066 1584 1110 1620 et
1139 1572 1200 1621 ita
1222 1585 1271 1621 ut
1290 1572 1400 1621 aiter
1421 1582 1621 1621 accurate

200 1644 254 1692 ad
282 1646 459 1703 Romae,
482 1645 592 1694 alter
613 1645 667 1694 ad
690 1644 964 1695 Alexandriae
981 1647 1258 1698 horizontem
1280 1650 1510 1716 pertineat.
1533 1648 1622 1696 Ac-

203 1722 310 1771 cidit
331 1723 418 1772 hoc
443 1724 488 1771 in
513 1722 727 1789 Delphini
762 1733 854 1772 ortu
883 1723 1107 1793 acroryclzo
1126 1764 1138 1782 ‚
1170 1726 1248 1792 qui
1273 1727 1334 1774 Vl
1350 1763 1362 1782 ‚
1389 1726 1476 1791 471
1499 1763 1511 1782 ‚
1537 1725 1624 1773 diei

212 1820 266 1850 ιο
287 1803 391 1850 Jun.
419 1802 687 1851 adscribitur
710 1801 789 1865 (in
811 1820 941 1868 quem
964 1801 1078 1851 diem
1103 1803 1216 1853 idem
1236 1816 1359 1852 ortus
1378 1804 1530 1853 Romae
1553 1803 1624 1851 in-

202 1878 332 1937 cidit,
359 1878 414 1927 ad
436 1879 665 1928 Petavium
687 1878 814 1927 Gem.
842 1885 1046 1944 ηοω-ι
1074 1879 1115 1927 d.
1144 1897 1201 1927 10
1221 1881 1364 1941 Jun.)

375 1991 503 2027 Navita
521 2005 637 2038 puppe
655 1991 780 2027 sedens
793 2019 803 2035 ,
824 1991 999 2039 Delphina
1019 1993 1236 2037 videbimus,
1258 1994 1393 2040 inquit;

422 2052 581 2087 Humida
598 2065 708 2097 quum
726 2052 825 2098 pulso
843 2065 916 2088 nox
928 2054 996 2089 erit
1012 2060 1088 2088 orta
1108 2054 1176 2089 die.

268 2147 428 2195 Postea
451 2147 666 2213 repetitur
689 2146 759 2195 die
796 2165 847 2214 ¹7
874 2149 977 2195 Jun.
1013 2148 1133 2214 quod
1158 2148 1212 2196 ad
1235 2146 1507 2196 Alexandriae
1539 2148 1624 2196 ho-

204 2224 416 2273 rizontem
437 2224 641 2291 pertinet.
664 2223 820 2290 (Gem.
846 2223 942 2282 25⁰,
968 2241 995 2272 2
1027 2224 1132 2272 ==d.
1169 2224 1224 2272 18
1253 2226 1360 2275 Jun.
1395 2227 1517 2295 quod
1536 2247 1627 2276 uuo

208 2301 278 2349 die
302 2300 452 2349 differt
463 2301 499 2366 ).
521 2301 608 2358 vl,
637 2317 757 2367 720:

251 2425 262 2445 ¹
289 2421 498 2459 Pontedera
524 2422 670 2468 Antiqu-
695 2422 885 2457 latinarum
948 2422 1028 2458 nim
1060 2422 1238 2458 interdum
1271 2423 1423 2459 Italicam
1452 2424 1625 2459 rationem

208 2488 469 2523 grecorumque
502 2475 741 2511 enarrationes
780 2483 884 2521 atque
952 2474 1097 2511 caari,
1111 2475 1307 2511 auctoritati
1323 2483 1487 2521 opponat.

207 2527 492 2571 emunt-aniona,
512 2530 678 2573 mct’pue
698 2529 749 2562 ad
764 2531 887 2563 veter-h
993 2527 1009 2546 ²
1033 2527 1084 2562 na
1108 2527 1199 2561 Plin-
1219 2539 1359 2573 semper
1375 2526 1500 2563 xvut
1521 2541 1546 2562 s.
1563 2527 1626 2570 66,

206 2582 650 2615 anm‘ratmaeenaembenles.
662 2579 778 2614 patav.
793 2581 886 2623 ¹7⁴⁰·
953 2578 1006 2615 ΠΙ
1023 2591 1132 2614 nonas
1158 2578 1265 2625 April.
1284 2578 1320 2614 in
1337 2580 1454 2614 mun
1476 2579 1630 2625 virgilio

210 2630 286 2676 Qui
303 2630 355 2665 vir
371 2638 446 2677 post
466 2630 642 2666 Canu-em
659 2629 750 2665 aliud
769 2628 886 2666 kalen-
950 2630 1084 2676 vesperi
1102 2629 1484 2667 occultantur-Eadem
1503 2632 1627 2678 postri-

210 2683 347 2719 ‹tan-iun
360 2683 588 2719 emendatum
604 2689 639 2719 et
657 2683 763 2719 ltalia
779 2683 889 2730 magis
951 2680 1008 2717 die
1026 2682 1061 2717 in
1080 2682 1211 2719 Beotia
1226 2694 1234 2718 ε
1257 2680 1385 2718 (ζωή
1402 2690 1435 2718 et
1455 2682 1629 2719 chaldeis

211 2734 412 2783 adaptatum
425 2747 497 2773 esse
515 2742 633 2772 temet
647 2760 659 2780 ,
681 2747 791 2782 quum
806 2733 887 2771 1)Ιί-
951 2734 1074 2772 Nonis.
