1826 3054
540 237 938 283 FASTORUM
976 237 1108 283 LIB.
1152 238 1223 284 11.

1527 240 1586 298 89

172 331 503 400 Amphiara'ides
524 333 783 398 Naupactoo
807 331 1004 381 Acheloo
1019 369 1032 391 ,

240 411 370 459 Solve
390 410 534 465 nefas,
559 410 670 458 dixit
696 430 706 458 :
731 410 865 459 solvit
887 422 930 459 et
950 410 1023 458 ille
1045 410 1180 459 nefas.

175 489 271 536 Ah!
292 489 474 536 nimium
495 487 666 545 faciles,
693 488 768 554 qui
798 487 937 536 tristia
962 487 1143 535 crimina
1166 486 1295 536 caedis
1549 500 1594 544 45

240 565 465 614 fluminea
488 563 584 612 tolli
606 583 735 631 posse
758 563 924 631 putetis
949 566 1085 630 aqua!

178 644 263 692 Sed
287 655 427 691 tamen
443 680 455 698 ,
479 643 648 708 antiqui
674 662 727 690 ne
753 641 927 690 nescius
952 641 1121 689 ordinis
1144 658 1261 689 erres
1276 677 1289 699 ,

239 721 441 777 Primus,
466 731 517 768 ut
541 731 631 776 est,
657 720 757 767 Jani
782 720 943 768 mensis
966 731 1009 768 et
1032 731 1132 767 ante
1156 718 1272 767 fuit:

178 799 269 863 Qui
294 797 493 863 sequitur
514 798 673 845 Janum
691 835 703 852 ,
727 797 885 844 veteris
908 796 993 844 suit
1017 796 1200 845 ultimus
1223 794 1325 843 anni
1345 813 1356 842 :

241 877 311 923 Tu
335 893 512 942 quoque
535 893 784 931 sacrorum,
809 874 1040 932 Termine,
1065 873 1165 922 finis
1190 891 1298 922 eras.
1553 884 1597 918 50

177 952 351 1000 Primus
374 952 491 999 enim
513 952 616 999 Jani
638 952 800 1000 mensis
815 988 827 1008 ,
852 951 956 1017 quia
975 951 1106 1016 janua
1128 950 1271 1017 prima
1291 959 1386 1006 est3

245 1029 337 1092 Qui
361 1048 481 1077 sacer
501 1041 568 1077 est
591 1028 689 1076 imis
714 1028 948 1086 Manibus,
973 1029 1090 1078 imus
1111 1040 1215 1077 erat.

179 1105 423 1154 Postmodo
449 1105 687 1153 creduntur
710 1105 853 1171 spatio
876 1105 1083 1154 distantia
1101 1104 1239 1168 longo

245 1183 467 1247 Tempora
488 1182 558 1230 bis
582 1182 706 1248 quini
731 1182 1009 1230 continuasse
1037 1182 1143 1230 Viri.

184 1259 437 1308 PRINCIPIO
460 1259 648 1318 mensis,
674 1260 873 1327 Phrygiae
897 1259 1169 1308 contermina
1190 1258 1326 1307 Matri
1341 1295 1354 1316 ,
1558 1271 1601 1306 55

250 1339 425 1405 Sospita
448 1338 644 1386 delubris
666 1338 825 1386 dicitur
849 1350 975 1386 aucta
998 1337 1136 1385 novis.

187 1419 315 1465 Nunc
336 1416 415 1464 ubi
435 1416 524 1464 sint
546 1414 632 1464 illis
646 1453 658 1474 ,
683 1415 841 1482 quaeris
856 1453 867 1474 ,
892 1426 1058 1464 sacrata
1079 1412 1291 1463 Kalendis

186 1548 498 1593 Amphiaraifilius,
512 1549 556 1583 ob
569 1548 762 1595 Eriphylen
773 1561 858 1583 ma—

185 1608 276 1636 trem
292 1601 509 1635 interfectam
527 1601 688 1635 lustratus
707 1607 758 1635 est
777 1600 858 1646 pri-

186 1666 286 1687 mum
299 1666 317 1687 a
332 1652 491 1698 Phegeu,
504 1652 676 1698 Psophide
688 1679 698 1694 ,
709 1665 786 1698 quae
794 1652 859 1687 suit

186 1707 268 1742 urbs
283 1706 449 1742 Arcadiae.
473 1707 530 1741 Sic
551 1706 710 1741 n'ondum
727 1706 860 1741 insania

184 1758 348 1793 liberatus
361 1785 371 1801 ,
387 1759 530 1803 jubente
547 1758 687 1793 oraculo
698 1784 707 1800 ,
727 1758 763 1792 in
786 1765 861 1792 ter-

186 1823 262 1844 ram
285 1818 463 1845 recentem
493 1824 528 1845 se
553 1810 700 1845 contulit
712 1837 722 1853 ‚
754 1822 861 1854 quam

187 1863 333 1896 Acheloi
340 1862 441 1897 limus
451 1870 634 1908 congestus
643 1862 771 1896 fecerat
781 1876 790 1901 ;
804 1861 862 1896 ibi-

190 1926 256 1958 que
274 1913 315 1947 ab
330 1915 480 1948 Acheloo
496 1921 660 1960 purgatus
674 1921 743 1955 est3
762 1913 865 1948 Thu-

189 1963 266 2009 cyd.
294 1964 348 2007 ΙΙ,
375 1977 457 2007 toa,
480 1965 539 1999 ubi
563 1964 688 2000 fluvius
708 1965 765 1999 ille
785 1965 865 2000 satis

191 2017 396 2051 describitur
408 2031 416 2057 ;
430 2019 629 2061 Pausanias,
642 2018 749 2061 VIII,
762 2029 864 2064 xxw,

192 2082 224 2115 p.
236 2069 322 2111 646;
341 2075 375 2103 et
390 2068 742 2114 Apollodor.111,vu
753 2096 763 2113 ,
783 2073 867 2104 5.—

193 2123 405 2166 Naupactus,
423 2122 504 2156 urbs
516 2121 655 2156 AEtoliae
667 2148 677 2165 ,
693 2121 867 2157 nunc‘Lr-

187 2185 302 2220 panto.
313 2180 516 2217 -Fac1'les,
532 2176 683 2220 creduli,
703 2177 869 2222 supersti-

193 2229 282 2263 tiosi.
294 2228 418 2264 Gravis
432 2229 615 2264 sententia.

237 2282 352 2324 47—54.
376 2279 431 2314 De
458 2280 582 2315 ordine
611 2280 715 2324 hujus
740 2280 870 2315 mensis

194 2333 408 2377 temporibus
424 2332 583 2378 antiquis.
594 2332 773 2367 Ultimum
784 2346 867 2367 eum

195 2383 311 2419 locum
328 2386 476 2419 tenuisse
489 2411 498 2428 ,
515 2398 587 2420 non
604 2384 798 2420 secundum
810 2411 820 2427 ,
832 2392 872 2419 ut

198 2436 372 2472 Plutarch.
389 2439 531 2483 putabat
543 2464 552 2480 ,
564 2438 666 2473 docet
677 2439 781 2472 etiam
796 2437 871 2473 Ide-

196 2487 259 2522 ler.
283 2501 315 2533 p.
343 2489 415 2535 349.
438 2507 481 2515 -
501 2491 550 2525 Et
574 2495 670 2528 ante,
699 2503 828 2535 nempe
853 2501 872 2523 a

200 2538 326 2573 Numae
342 2540 607 2585 temporibus.—
614 2542 759 2575 Ultimus
767 2554 779 2578 .·
794 2541 874 2575 Ma-

202 2590 294 2624 crob.
318 2591 355 2633 l,
376 2592 414 2625 13
432 2605 440 2626 :
457 2607 474 2622 α
487 2592 599 2627 Omni
620 2593 873 2628 intercalationi

204 2658 222 2673 ν
241 2645 367 2679 mensis
377 2645 585 2681 Februarius
600 2646 784 2692 deputatus
800 2653 870 2689 est,

205 2709 223 2725 υ
243 2695 406 2738 quoniam
434 2696 462 2731 is
493 2697 635 2732 ultimus
675 2698 756 2732 anni
791 2704 875 2731 erat,

207 2759 225 2777 ι
250 2746 357 2790 Quod
374 2747 487 2793 ipsum
496 2748 700 2786 Graecorum
711 2762 810 2785 more
823 2749 877 2785 sa-

924 1561 943 1578 »
960 1547 1108 1582 ciebant.
1138 1547 1231 1582 Nam
1256 1553 1293 1581 et
1306 1545 1354 1581 illi
1372 1545 1497 1581 ultimo
1519 1546 1605 1580 anni

925 1615 943 1631 x·
960 1601 1011 1635 sui
1043 1599 1157 1635 mensi
1193 1599 1388 1645 superfluos
1414 1599 1607 1634 intersere-

926 1667 944 1683 »
962 1653 1048 1687 hant
1069 1652 1151 1687 dies.
1177 1667 1194 1682 >2
1223 1652 1375 1687 Romani
1400 1659 1518 1686 autem
1538 1652 1603 1685 in-

925 1704 1136 1739 tercalabant
1150 1711 1226 1749 post
1239 1703 1444 1738 vicesimum
1459 1703 1604 1738 tertium

925 1756 1019 1790 diem
1031 1782 1041 1799 ,
1055 1757 1300 1790 Terminalibus
1314 1755 1385 1799 jam
1404 1754 1604 1800 peractis.—

926 1811 1007 1848 Imi,
1021 1809 1134 1843 inseri.
1153 1809 1282 1844 Noster
1293 1807 1413 1842 ludere
1424 1807 1531 1842 verbo
1541 1818 1607 1840 vo-

927 1861 1001 1895 luit.
1017 1860 1108 1895 Vide
1127 1859 1171 1894 ad
1188 1860 1205 1895 1
1217 1886 1226 1903 ,
1244 1859 1419 1906 721.·-De
1441 1859 1506 1893 hac
1521 1858 1605 1892 De-

926 1913 1162 1947 cemvirorum
1192 1912 1385 1946 mutatione
1415 1910 1519 1946 silent
1545 1910 1604 1945 alii

929 1965 1130 2010 scriptores;
1145 1964 1216 2010 ipse
1234 1964 1362 1998 Noster
1376 1962 1480 1997 dubie
1491 1962 1606 2007 loqui-

931 2025 1002 2062 tur,
1018 2020 1203 2053 credantur.
1216 2017 1396 2052 Videntur
1406 2023 1525 2051 autem
1537 2042 1547 2059 ,
1568 2023 1608 2051 ut

931 2069 995 2104 alia
1018 2096 1028 2113 ,
1052 2070 1099 2104 ita
1122 2077 1158 2104 et
1179 2069 1362 2104 meliorem
1389 2069 1472 2103 anni
1493 2067 1609 2114 diges-

932 2125 1066 2159 tionem
1082 2125 1125 2159 ab
1140 2124 1413 2159 Atheniensibus
1425 2123 1605 2158 sumsisse:

932 2176 1000 2210 vid.
1019 2175 1143 2211 Ideler.
1160 2189 1235 2222 pag.
1245 2176 1374 2210 356.—
1390 2177 1611 2211 continuasse

932 2235 1097 2271 tempora.
1114 2228 1285 2270 effecisse,
1302 2234 1342 2262 ut
1363 2227 1400 2261 hi
1416 2226 1487 2261 duo
1509 2239 1608 2260 men-

933 2291 999 2328 ses,
1014 2279 1111 2313 nullo
1121 2279 1342 2325 interposito,
1353 2292 1389 2313 se
1399 2279 1609 2323 exciperent,

936 2342 1045 2375 quum
1062 2338 1163 2364 antea
1184 2334 1350 2364 distarent
1367 2332 1467 2374 longo
1481 2332 1593 2372 spatio
1603 2354 1612 2368 ,

937 2382 1058 2416 decem
1068 2382 1147 2427 ipsis
1154 2382 1332 2417 mensibus
1343 2381 1379 2415 in
1385 2380 1537 2425 ter-jectis
1549 2379 1612 2414 :vi-

937 2435 981 2470 de
999 2436 1182 2470 Petavium
1200 2434 1244 2470 de
1260 2434 1364 2469 Doct.
1390 2435 1515 2479 Temp.
1528 2459 1539 2476 ,
1557 2432 1614 2467 lib.

938 2488 974 2523 ll
984 2515 993 2531 ‚
1012 2501 1086 2533 cap.
1103 2490 1154 2534 74.
1492 2519 1494 2521 .

986 2543 1102 2586 55-72.
1123 2542 1265 2575 Kalend.
1280 2542 1435 2574 Febmar.
1449 2551 1617 2574 nemora—

938 2594 1023 2626 bilia
1038 2595 1215 2631 nonnulla,
1238 2591 1361 2637 quibus
1377 2591 1451 2626 laus
1471 2589 1617 2625 Caesaris

940 2651 976 2679 et
990 2651 1111 2678 votum
1130 2657 1194 2689 pro
1212 2644 1288 2688 ejus
1300 2643 1408 2678 salute
1427 2641 1617 2687 interposi-

943 2702 1030 2731 tum.
1046 2695 1100 2730 Eo
1122 2695 1178 2730 die
1194 2695 1347 2730 „Iunonis
1364 2695 1503 2739 Sospite
1525 2700 1618 2727 tem-

944 2748 1041 2795 plum
1057 2755 1132 2784 erat
1148 2747 1358 2784 dedicatum.
1374 2746 1415 2782 Id
1434 2744 1620 2782 contermi-
