1826 3054
297 228 385 285 432

674 231 726 275 P.
757 231 995 277 ovlml
1026 231 1337 278 NASONIS

358 324 478 373 Luce
498 342 594 373 mea
618 324 768 374 Marso
793 323 945 374 consul
970 325 1028 374 ab
1051 324 1180 374 hoste
1203 325 1341 375 mdes.

298 400 455 451 Exitus
476 402 658 451 accessit
678 402 849 459 verbis;
873 402 1122 470 flumenque
1140 402 1359 453 Tolenum

1647 420 1713 453 565

360 478 590 546 Purpureo
611 479 762 528 mixtis
782 478 992 541 sauguine
1014 479 1139 527 ssuxit
1161 480 1301 547 aquis.

293 555 528 606 Proximus
552 575 696 606 annus
716 567 807 605 erat
828 576 838 604 :
859 554 1102 606 Pallantide
1122 574 1256 607 caesus
1278 557 1426 607 eadem

358 633 518 682 Didius
541 631 728 683 hostiles
747 632 1029 696 ingeminavit
1052 651 1172 701 opes.

291 710 389 759 Lux
412 710 587 767 eadem,
610 710 803 758 Fortuna
818 745 831 767 ‚
852 720 930 761 ,tua
952 720 1044 767 est,
1068 721 1331 778 auctorque,
1354 710 1593 779 locusque;

289 812 346 848 die
357 838 369 856 ,
385 824 480 848 anno
495 825 530 847 u.
541 825 570 847 c.
587 811 672 856 653,
685 812 721 847 in
733 811 824 847 bello
840 811 968 847 Marsi-

289 878 333 901 co
348 867 499 902 Rutilius
511 893 521 908 ,
542 872 579 902 et
596 878 692 901 auno
708 865 867 912 proximo
890 867 967 901 Di·-

290 920 368 953 dius
373 917 513 954 occisus.
519 919 705 954 Marsicum
714 917 845 953 bellum
857 926 908 954 est
915 931 966 954 so-

288 971 371 1007 ciale
384 998 394 1015 ,
413 970 507 1017 quod
527 978 646 1006 ortum
662 984 681 1006 a
703 971 830 1007 Marsis
851 971 967 1007 tradi-

288 1021 419 1058 demut
439 1022 566 1058 Strabo
582 1030 618 1058 et
634 1022 782 1060 Diodor.
806 1023 943 1060 Siculus
955 1049 965 1067 ,

288 1088 503 1122 quamquam
516 1076 670 1112 Velleius
679 1102 690 1120 ‚
703 1077 761 1120 11,
780 1077 838 1121 16,
850 1077 967 1124 potius

291 1128 334 1163 ab
352 1128 532 1163 Asculanis
547 1135 665 1164 ortum
675 1156 685 1174 ,
700 1128 829 1166 deinde
846 1142 865 1163 a
876 1130 968 1164 Mar·-

287 1183 339 1215 sis
351 1187 534 1227 exceptum
546 1188 675 1216 narrat.
693 1181 815 1227 ltaque
829 1188 866 1217 et
875 1181 969 1217 Ovi-

290 1231 367 1267 dius
382 1233 533 1268 Marsum
550 1232 606 1276 (id
620 1240 691 1278 est,
703 1232 896 1268 Marsicum
907 1258 917 1276 ,
928 1241 968 1269 ut

288 1282 458 1317 Horatius
474 1308 485 1326 ‚
514 1284 554 1327 1,
581 1283 652 1319 Od.
677 1294 691 1318 1
708 1310 718 1327 ,
739 1284 783 1319 28
797 1310 807 1327 ,
828 1285 966 1319 Marsus

286 1334 391 1382 aper)
402 1336 622 1382 potissimum
632 1337 770 1372 hostem
782 1345 965 1372 memorat.

288 1387 343 1423 Eo
359 1387 449 1423 bello
462 1390 500 1423 Ρ.
512 1390 677 1423 Rutilium
690 1388 820 1432 Lupum
828 1400 897 1423 cos.
910 1400 965 1433 pe·

285 1441 382 1477 riisse
405 1448 541 1477 certum
559 1448 611 1476 est
628 1455 638 1483 ς
673 1440 847 1484 Velleius,
874 1439 965 1475 dicto

287 1494 363 1530 loco
380 1507 390 1529 ι
410 1508 428 1524 κ
444 1494 535 1528 Tam
550 1494 643 1528 varia
660 1500 761 1539 atque
778 1499 876 1528 atrox
885 1492 965 1528 sor—

288 1559 307 1575 »
325 1552 411 1580 tuna
422 1544 527 1580 italici
539 1544 620 1580 belli
631 1545 697 1579 suit
708 1570 719 1587 ,
736 1551 775 1579 ut
790 1557 852 1590 per
864 1544 963 1579 bien-

288 1611 306 1626 »
322 1596 423 1631 nium
434 1595 644 1631 continuum
655 1595 727 1630 duo
737 1595 875 1631 romani
885 1608 966 1630 con·

289 1663 307 1679 ν
322 1647 414 1683 sules
444 1647 598 1683 Rutilius
615 1674 625 1692 ,
652 1661 691 1683 ae
718 1646 846 1684 deinde
875 1646 966 1683 Cato

289 1717 307 1733 ι
327 1702 472 1738 Porcius
502 1702 544 1737 ab
573 1701 729 1738 hostibus
755 1700 965 1738 occideren-

287 1769 306 1785 ι·
327 1761 394 1789 tur.
410 1768 428 1786 n
446 1753 681 1798 monnau,
698 1765 813 1797 xvux,
831 1753 967 1798 12.sa·-

287 1818 346 1841 sas
364 1813 504 1841 tantum
516 1807 767 1850 Rutilti'cope'as
781 1810 965 1840 memorat.

288 1858 404 1894 Nexus
419 1870 521 1894 causa
535 1870 610 1893 non
621 1857 710 1893 male
722 1856 872 1894 Ovidius
883 1857 966 1892 Ma-

286 1918 398 1947 tutam
407 1910 511 1946 deam
519 1909 657 1946 inducit
665 1909 799 1945 Rutilio
806 1908 874 1945 sata
882 1921 966 1955 pru·

284 1964 474 2001 dicentem.
492 1982 538 1991 —
554 1963 612 1999 De
629 1964 753 1998 Taleae
765 1975 868 1998 amne
885 1962 965 1999 vide

286 2017 428 2054 Cluver.
447 2017 521 2053 ital.
537 2017 621 2052 Ant.
641 2017 697 2060 Π,
725 2028 774 2051 ιο.
801 2015 964 2061 Plerique

286 2070 500 2115 antiquiores
508 2068 588 2104 libri
601 2069 738 2110 Toleni,-
747 2067 890 2113 quidam
903 2067 964 2101 To·

283 2124 360 2157 loni
372 2129 431 2157 uut
446 2121 605 2156 Telonn-
618 2134 628 2154 .·
645 2120 750 2155 etiam
770 2119 862 2165 apud
882 2119 964 2165 Ap-

286 2174 430 2221 pianum
442 2199 452 2218 ,
474 2173 644 2209 omium
662 2180 698 2208 et
714 2173 798 2208 alios
813 2172 966 2207 variatur

284 2226 322 2261 in
344 2225 410 2261 hoc
429 2226 584 2261 nomine.

329 2278 402 2323 567.
425 2278 521 2312 Tarus
533 2279 661 2312 Didius
676 2290 766 2313 unus
782 2291 823 2313 ex
839 2284 965 2323 preto-

286 2329 381 2365 ribus
399 2329 436 2364 in
459 2329 552 2364 bello
573 2329 747 2373 Marsico,
766 2337 806 2365 ut
822 2343 864 2366 ex
881 2330 964 2375 Ap-

286 2384 390 2430 piano
409 2389 563 2422 constat:
582 2382 642 2419 sed
658 2384 823 2419 eumdem
841 2384 877 2418 in
895 2396 964 2418 eo·-

284 2434 365 2471 dem
387 2435 478 2470 bello
493 2435 652 2482 periisse,
674 2435 789 2471 nullus
803 2442 963 2471 veterum

287 2487 438 2523 tradidit.
461 2490 576 2524 Immo
595 2488 749 2524 Velleius
773 2488 807 2523 d.
831 2489 854 2524 l.
879 2501 963 2524 eum

289 2541 401 2585 potius
413 2554 494 2576 cum
512 2541 662 2577 Minatio
678 2542 800 2588 Magio
815 2542 963 2577 Hercu—

285 2592 425 2627 laneum
435 2594 563 2639 cepisse
572 2602 703 2637 narrat,
715 2602 750 2629 et
761 2594 863 2640 paulo
872 2601 962 2640 post,

288 2651 327 2679 ut
342 2645 450 2679 modo
463 2646 634 2688 vidimus,
652 2649 819 2682 [tutilon-
838 2654 875 2682 et
895 2648 966 2681 Co-

287 2703 396 2730 tenea
418 2698 571 2731 Patrium
602 2699 763 2733 nominat
782 2724 793 2742 ‚
819 2699 878 2744 qui
901 2710 964 2744 per

288 2748 472 2786 biennium
495 2750 705 2786 continuum
737 2751 779 2788 ab
809 2750 964 2788 hostibus

1031 813 1108 849 coesi
1124 813 1202 849 sint.
1218 814 1342 850 Florus
1363 814 1397 849 d.
1415 814 1435 849 l.
1451 817 1581 850 Julian
1600 816 1707 849 cesa-

1031 879 1097 902 rem
1116 866 1277 902 nominat
1297 879 1305 902 :
1333 882 1351 897 κ
1378 867 1468 902 Nam
1496 868 1566 913 ipse
1593 867 1708 902 Julius

1034 934 1052 949 ν
1074 918 1212 963 Casar,
1236 920 1386 955 exercitu
1411 919 1535 955 amisso
1553 947 1563 964 ,
1597 934 1708 966 quum

1034 984 1052 1001 ι·
1073 970 1108 1005 in
1120 971 1244 1006 urbem
1254 978 1420 1006 eruemus
1430 971 1633 1014 referretur,
1646 973 1708 1006 mi·

1035 1039 1053 1055 ν
1070 1024 1340 1060 serabilil'nnere
1354 1024 1507 1060 mediam
1519 1026 1624 1060 etiam
1641 1038 1709 1059 ur—

1036 1090 1053 1105 »
1074 1076 1154 1111 bem
1171 1076 1325 1123 perviam
1340 1075 1431 1112 secit-
1445 1093 1462 1106 ι·
1474 1077 1634 1123 Neapolis
1645 1076 1710 1121 igi-

1034 1135 1093 1163 tur
1118 1142 1182 1175 pro
1205 1130 1384 1164 Euxinus
1410 1141 1521 1163 annus
1545 1136 1619 1162 erat
1643 1128 1707 1172 legi

1033 1182 1190 1226 volebat,
1206 1183 1328 1217 Annus
1349 1189 1425 1217 erae
1443 1185 1607 1222 decimus,
1637 1195 1708 1227 quo

1035 1234 1181 1269 Didium
1206 1242 1356 1280 stragem
1381 1234 1545 1281 accepisse
1566 1229 1706 1280 putabat

1030 1300 1050 1321 a
1068 1286 1226 1322 Sertorio
1243 1287 1336 1331 juxta
1352 1287 1464 1322 Baetin
1479 1286 1515 1321 in
1526 1285 1706 1331 Hispania.

1030 1338 1103 1374 Sed
1114 1339 1205 1384 apud
1220 1339 1445 1374 Plutarchum
1454 1339 1490 1374 iu
1502 1338 1635 1374 sertor.
1653 1351 1705 1379 υ,

1030 1392 1128 1435 cujus
1144 1392 1346 1426 auctoritate
1364 1390 1525 1436 Neapolis
1541 1390 1605 1425 hor.
1622 1403 1707 1425 cre-

1030 1441 1151 1484 debat,
1167 1442 1239 1476 duo
1254 1443 1397 1488 quidem
1413 1443 1489 1478 libri
1508 1447 1626 1478 An'o'm
1642 1441 1709 1476 ha-

1029 1494 1134 1534 tumn
1152 1506 1275 1528 verum
1293 1494 1360 1529 hoc
1376 1506 1508 1528 nomen
1526 1494 1573 1528 ibi
1589 1505 1707 1527 corru-

1030 1551 1130 1590 ptum
1141 1558 1212 1580 esse
1223 1551 1369 1580 constat.
1380 1545 1475 1580 MSS
1487 1545 1553 1580 hoc
1569 1545 1630 1579 loc.
1644 1557 1707 1578 nos

1031 1596 1117 1631 nihil
1136 1597 1268 1642 juvant.
1292 1597 1452 1632 Vossian.
1478 1604 1514 1631 et
1537 1596 1706 1631 Maurin.

1036 1651 1157 1684 Vidius
1179 1648 1328 1692 habent,
1347 1649 1508 1684 Ambros.
1530 1648 1616 1683 alter
1643 1661 1707 1692 pro

1031 1702 1166 1736 diversa
1177 1701 1323 1736 lectione
1342 1702 1490 1740 Tullius.
1505 1700 1632 1735 Error«.
1646 1703 1706 1735 Bi-

1028 1756 1099 1789 la'us
1115 1767 1125 1789 :
1141 1754 1308 1789 Heinsius
1330 1753 1397 1799 legi
1414 1753 1552 1789 volebat
1570 1754 1686 1788 lolia
1697 1780 1707 1793 ,

1031 1813 1071 1841 ut
1097 1805 1135 1840 L.
1157 1805 1274 1840 Julius
1291 1805 1410 1840 Cesar
1433 1804 1706 1850 intelligeretur,

1030 1858 1185 1903 quicum
1203 1857 1335 1893 Rutilio
1350 1869 1419 1892 tos.
1437 1856 1566 1897 suerin
1583 1856 1708 1891 Burm.

1030 1913 1171 1946 Pom‘us
1195 1910 1261 1955 legi
1285 1909 1377 1952 vult,
1398 1909 1458 1954 qui
1473 1921 1556 1944 sane
1583 1921 1706 1943 secuu-

1031 1960 1117 1996 dum
1131 1961 1305 1996 Velleium
1325 1968 1360 1996 et
1378 1960 1517 1995 Livium
1528 1986 1538 2002 ,
1553 1959 1705 2005 Epitom.

1033 2017 1072 2059 75
1084 2040 1094 2056 ,
1107 2013 1266 2059 proximo
1277 2025 1371 2048 anno
1384 2025 1490 2048 casus
1500 2019 1551 2047 est
1562 2038 1572 2055 ,
1588 2019 1705 2056 atque,

1030 2074 1068 2101 ut
1090 2066 1166 2102 fasti
1192 2066 1341 2109 docent,
1359 2078 1403 2100 eo
1421 2077 1515 2099 anno
1538 2065 1707 2099 consula-

1030 2125 1106 2154 tum
1118 2120 1282 2164 gessit.—
1293 2119 1419 2165 Quum
1429 2124 1588 2163 excerpta
1596 2116 1707 2151 Deus.

1030 2179 1066 2206 et
1092 2179 1243 2217 quatuor
1264 2171 1366 2207 codd.
1391 2184 1455 2217 pro
1475 2182 1581 2205 cesus
1603 2168 1706 2204 ethi-

1030 2224 1137 2259 beant
1160 2228 1285 2263 w‘ctns.
1307 2224 1340 2259 Τ
1341 2223 1516 2258 animet-us
1541 2222 1607 2266 legi
1634 2221 1707 2255 vult

1030 2283 1151 2317 victor.
1176 2284 1214 2311 ut
1231 2289 1353 2312 sensus
1365 2277 1409 2311 sit
1426 2288 1433 2310 :
1449 2275 1596 2309 Didium
1612 2274 1705 2308 else-

1029 2331 1112 2365 cisse
1130 2329 1270 2365 victoria
1292 2340 1376 2371 sua,
1403 2334 1441 2362 ut
1461 2326 1575 2361 hostes
1591 2326 1705 2370 copias

1027 2396 1105 2418 suas
1120 2388 1289 2428 augerent
1300 2379 1442 2421 ;suadct
1454 2387 1560 2414 etum
1577 2380 1705 2412 vadus

1030 2442 1166 2470 mutare
1193 2433 1230 2468 in
1258 2435 1382 2468 ane'ns
1399 2458 1409 2471 ,
1441 2443 1568 2475 nempe
1601 2431 1703 2463 Cato.

1031 2486 1206 2533 Equidem
1221 2485 1371 2521 arbitror
1383 2483 1553 2519 Ovidium
1568 2484 1702 2528 lapsum

1028 2553 1102 2576 esse
1116 2541 1153 2575 in
1169 2540 1558 2576 nomina—Pallantide
1570 2541 1695 2576 eadent,

1030 2601 1069 2629 ut
1085 2593 1135 2630 lv
1148 2619 1159 2637 ‚
1177 2593 1260 2639 373,
1277 2593 1418 2628 postem
1436 2593 1638 2625 l’allaeaeu'aes.

1086 2646 1253 2694 569-oe&
1269 2647 1394 2680 Eodem
1418 2648 1473 2679 die
1493 2646 1625 2679 den-im
1642 2656 1701 2677 ret

1029 2699 1181 2734 Fortuna
1193 2699 1348 2741 θυαμ..
1366 2699 1555 2734 dedat-nt.
1580 2697 1615 2731 in
1634 2709 1705 2741 quo

1030 2750 1120 2797 regis
1134 2757 1246 2787 statua
1267 2750 1354 2797 togis
1377 2757 1464 2786 tecta
1483 2751 1701 2786 cernebatur.
