1826 3054
524 230 936 277 FASTORUM
973 230 1106 275 LIB.
1146 232 1204 276 V.

1483 229 1562 284 341

222 329 281 375 Et
303 345 451 393 parere
472 326 636 374 intacto
652 362 665 382 ‚
692 323 931 374 dummodo
955 335 1093 382 casta,
1115 323 1246 372 viro?

159 403 321 453 Omnia
342 403 521 453 tentabo
545 401 646 451 latis
667 401 950 451 medicamina
970 401 1097 450 terris
1116 421 1127 459 ;

223 482 284 528 Et
304 480 436 537 freta,
459 481 695 527 Tartareos
719 477 1019 545 excutiamque
1041 479 1174 527 sinus.

157 557 259 604 Vox
285 567 374 604 erat
397 555 443 602 in
464 574 595 604 cursu
616 575 625 603 :
646 554 817 605 vultum
840 555 1083 604 dubitantis
1102 554 1317 603 habebam
1337 572 1348 601 :
1509 566 1573 611 245

223 631 381 680 Nescio
405 631 512 697 quid
526 667 539 688 ,
560 631 763 697 Nymphe
779 669 791 689 ‚
816 650 945 698 posse
968 632 1130 681 videris
1144 669 1156 689 ‚
1178 632 1253 679 ait.

159 710 249 757 Ter
268 707 387 756 volui
410 708 666 774 promittere
688 728 843 775 opem,
868 721 934 757 ter
957 709 1103 771 lingua
1126 719 1295 757 retenta
1314 719 1404 756 est:

222 789 293 834 Ira
314 786 440 834 Jovis
463 787 609 849 magni
635 805 763 835 causa
789 786 961 834 timoris
985 797 1088 834 erat.

155 863 265 920 Fer,
290 881 448 928 precor
462 899 474 919 ,
500 861 735 919 auxilium,
757 861 893 918 dixit;
917 860 1129 909 celabitur
1151 873 1330 909 auctor:

220 942 281 988 Et
304 941 466 1008 Stygiae
486 959 649 989 numen
672 939 929 989 testificatur
949 958 1088 1004 aquae.
1511 950 1577 985 250

158 1019 295 1084 Quod
318 1019 456 1086 petis,
482 1018 680 1076 Oleniis,
703 1017 883 1083 inquam
897 1055 909 1075 ,
931 1017 1045 1064 mihi
1066 1015 1228 1065 missus
1250 1016 1307 1063 ab
1331 1016 1446 1063 arvis

221 1096 327 1144 Flos
348 1096 499 1143 dabit:
521 1107 587 1142 est
607 1094 752 1142 hortis
774 1094 930 1142 unicus
954 1093 1028 1141 ille
1047 1093 1169 1140 meis.

160 1175 252 1238 Qui
276 1174 433 1231 dabat,
458 1174 559 1221 Hoc
574 1210 587 1230 ‚
613 1172 749 1230 dixit,
773 1171 963 1221 sterilem
981 1190 1157 1238 quoque
1181 1182 1309 1233 tange
1324 1170 1576 1235 juvencam,

224 1253 369 1300 Mater
393 1251 476 1299 erit
495 1270 505 1297 ε
527 1250 676 1312 tetigi;
700 1267 781 1297 nec
805 1268 950 1305 mora,
974 1259 1112 1297 mater
1135 1259 1242 1296 erat.

159 1329 371 1377 Protinus
390 1328 625 1383 haerentem
650 1326 846 1392 decerpsi
869 1325 1030 1392 pollice
1050 1325 1200 1372 florem
1218 1345 1232 1372 :

1511 1337 1577 1371 2:35

222 1405 465 1469 Tangitur3
491 1416 534 1452 et
555 1415 671 1452 tacto
697 1403 894 1470 concipit
917 1402 991 1451 illa
1015 1402 1142 1460 sinu;

158 1484 345 1550 Jamque
370 1482 511 1545 gravis
532 1481 731 1530 Thracen
747 1517 759 1539 ,
786 1492 830 1529 et
852 1470 1278 1558 laeva-Proppntidos
1302 1478 1464 1536 intrat3

159 1601 289 1635 -Viro
302 1612 429 1646 nempe
448 1612 540 1634 meo·
558 1600 747 1633 Dummodo
762 1611 836 1633 cas-

158 1659 197 1686 ta
207 1679 217 1692 ,
234 1664 308 1686 non
317 1665 399 1687 cum
410 1652 524 1687 alieno
535 1651 782 1686 concumbens.
792 1668 837 1677 ·—·

161 1704 261 1739 Latis
270 1716 366 1739 nunc
375 1704 502 1738 melius
510 1716 616 1749 quam
624 1706 710 1738 loeltlr
717 1730 726 1743 ,
740 1703 835 1748 quod

161 1756 330 1791 Mazarin.
342 1764 380 1792 et
388 1757 581 1793 Zulichem.
591 1758 837 1802 prestitum.—

163 1809 276 1849 Sinus,
292 1822 444 1844 recessus
460 1810 678 1844 remotiores.
693 1827 738 1835 -
754 1811 835 1842 Ex-

163 1862 288 1893 cutiam
301 1885 312 1899 ‚
328 1861 541 1905 perquiram,

209 1911 282 1952 245.
294 1911 411 1946 Verba
425 1926 494 1946 vox
506 1919 579 1946 em!
589 1915 626 1946 in
639 1925 736 1947 cursu
745 1918 780 1946 et
792 1911 836 1946 ad

165 1963 189 1996 J
193 1975 347 1998 unonem
363 1971 400 1998 et
413 1963 456 1998 ad
472 1964 611 1998 Floram
624 1963 745 1998 referri
756 1976 837 2009 poa-

166 2022 258 2050 suut.
276 2015 313 2050 Si
330 2014 370 2049 ad
387 2015 480 2050 illam
491 2041 501 2057 ‚
517 2028 637 2050 sensus
650 2028 660 2048 :
675 2015 772 2060 plura
785 2015 838 2049 lo-

168 2066 226 2111 qui
241 2066 377 2101 volebat
388 2092 398 2109 ‚
423 2073 463 2101 ut
475 2066 526 2101 Vl
537 2092 547 2109 ,
566 2066 631 2100 362
643 2091 654 2108 ,
677 2078 754 2109 spes
766 2073 841 2100 erat

165 2121 202 2151 in
216 2131 314 2152 cursu
323 2145 331 2158 ‚
355 2118 490 2164 longius
500 2117 662 2164 progredi
678 2130 775 2162 posse
786 2117 841 2151 vi-

167 2170 324 2205 debatur.
351 2170 422 2206 Sed
448 2171 620 2216 interpres
642 2169 780 2215 gallicus
796 2169 840 2203 ad

168 2222 308 2257 Floram
339 2223 458 2258 retulit
473 2249 483 2266 ,
507 2224 571 2257 Ma
595 2223 719 2256 bouche
742 2223 843 2256 allai!

166 2275 328 2318 s’ouvriq
343 2275 403 2310 sed
413 2279 450 2309 iu
458 2288 557 2309 cursu
568 2287 643 2309 esse
655 2274 770 2319 potius
779 2285 841 2307 no·

168 2327 301 2362 tionem
322 2326 592 2362 continuationis
614 2326 729 2360 habet.
757 2326 839 2360 Non

167 2386 284 2413 autem
296 2378 489 2414 audiendus
501 2385 554 2413 est
562 2378 772 2413 Taubnerus
781 2377 841 2422 qui

167 2430 270 2466 deam
278 2439 375 2478 putat
385 2432 458 2467 haec
466 2431 617 2467 locutam
627 2444 699 2465 esse
709 2457 719 2474 ,
730 2443 840 2476 quum

168 2491 335 2519 curreret.
350 2503 393 2511 -
406 2486 590 2525 Dubitare,
618 2484 809 2518 deliberare
828 2510 838 2525 ‚

171 2542 211 2569 ut
220 2535 359 2570 AEneid.
371 2536 444 2579 lx,
464 2549 526 2584 ¹9⁰
540 2550 549 2571 ι
567 2551 586 2566 ¹<
597 2536 741 2581 Per-cipe
757 2535 841 2581 quid

174 2602 192 2617 ι·
206 2587 373 2623 dubitem.
394 2603 412 2618 ›-
457 2624 465 2630 ,

216 2640 291 2672 251.
316 2637 439 2682 Qualis
451 2638 518 2673 flos
538 2638 751 2684 intelligatur
768 2650 841 2672 non

171 2691 486 2725 constan—Olenus
493 2697 528 2725 et
539 2691 723 2726 Achaiaeet
732 2690 843 2724 Boeo-

175 2742 229 2777 tiae
244 2741 422 2787 oppidum.
436 2760 480 2769 -
494 2741 651 2787 Quidam
663 2769 673 2786 ,
687 2745 754 2777 tali
764 2745 842 2776 melr-

900 1608 983 1638 ειυς
999 1596 1147 1631 alter-iun
1161 1593 1420 1639 mentm-longe
1437 1592 1579 1639 plurimi

901 1648 1003 1683 codd.
1020 1647 1070 1674 -’
1085 1647 1171 1682 Mox
1188 1647 1272 1680 olim
1290 1645 1460 1680 edebatur
1471 1671 1482 1689 ,
1512 1647 1584 1688 Qui

901 1703 1009 1734 dabat
1022 1702 1111 1733 hunc
1121 1725 1130 1739 ‚
1151 1701 1262 1740 dixin·
1281 1697 1443 1742 Neapolis
1458 1710 1499 1731 ex
1515 1709 1580 1731 suo

900 1751 1019 1786 codice
1029 1777 1040 1794 ,
1059 1752 1125 1785 Cui
1129 1752 1235 1784 dabat
1243 1752 1340 1783 hunc.
1348 1748 1418 1784 Sed
1430 1748 1580 1783 Heinsio

900 1804 1069 1839 debemus
1079 1810 1231 1838 nostram
1246 1802 1442 1837 lectionem.
1450 1803 1580 1835 ——Ma-

899 1864 964 1897 ter,
992 1855 1143 1902 gravida.
1161 1874 1205 1881 —
1222 1856 1354 1889 Hoeoere
1376 1853 1519 1888 frondes
1545 1860 1581 1889 et

901 1922 1004 1955 poma
1019 1909 1184 1944 dicuntur
1198 1908 1235 1942 in
1252 1908 1375 1942 arbore
1388 1933 1398 1949 ,
1424 1906 1529 1941 flores
1542 1906 1580 1940 in

900 1962 997 1997 caule
1019 1961 1169 2007 plantam
1186 1973 1270 2006 ergo
1293 1962 1464 1994 herentem
1484 1971 1582 1994 nunc

900 2014 1128 2060 plenitudinis
1143 2020 1281 2048 tantum
1298 2024 1399 2047 causa
1410 2011 1581 2045 additum.

901 2085 947 2093 —
966 2068 1144 2110 Tangitum
1160 2065 1324 2110 Neapolis
1337 2064 1440 2110 tegit,
1459 2065 1584 2107 Tangit

902 2125 938 2153 e!
945 2123 1083 2154 intacto.
1098 2118 1192 2152 Eum
1206 2118 1380 2163 vituperat
1392 2116 1559 2151 Heinsius
1571 2142 1581 2160 ‚

905 2171 986 2216 quia
1001 2170 1045 2205 de
1059 2170 1205 2205 Junone
1219 2170 1351 2215 agitur,
1370 2181 1443 2202 non
1460 2167 1503 2202 de
1521 2169 1580 2212 ju-

903 2235 1012 2258 venca
1023 2236 1032 2263 ;
1042 2222 1103 2258 sed
1114 2222 1341 2256 Burmannus
1351 2227 1474 2255 monet
1484 2246 1494 2263 ,
1506 2233 1582 2254 non

905 2274 994 2309 adeo
1009 2275 1166 2319 ineptam
1178 2285 1250 2308 esse
1265 2272 1357 2308 hanc
1371 2271 1559 2306 lectionem
1573 2285 1584 2313 ;

904 2338 987 2360 eam
1012 2324 1217 2370 capiendam
1241 2336 1314 2366 esse
1340 2323 1383 2358 de
1411 2323 1556 2356 Junone
1572 2347 1584 2365 ,

905 2388 983 2422 quae
999 2382 1118 2421 tangat
1141 2374 1267 2409 florem
1290 2384 1312 2408 a
1334 2374 1437 2408 Flora
1460 2373 1584 2407 dener-

905 2437 1006 2474 ptum
1016 2448 1027 2471 ,>
1039 2434 1074 2462 et
1083 2426 1201 2461 statim
1209 2425 1381 2471 concipiat
1393 2439 1401 2466 ;
1416 2438 1453 2459 se
1463 2432 1582 2459 tamen

907 2479 1008 2513 malle
1025 2491 1034 2512 z
1060 2479 1185 2522 Tangit
1194 2483 1252 2518 ut,
1280 2480 1408 2511 intacto
1428 2479 1584 2520 concipit.

906 2528 1069 2574 Neapolis
1089 2528 1226 2563 lection.
1246 2527 1370 2573 probat
1390 2534 1427 2562 et
1443 2527 1584 2562 Taubn.

952 2583 1027 2627 257.
1042 2583 1167 2616 Gravis
1178 2607 1187 2621 ,
1209 2579 1462 2627 gravida.-In
1480 2581 1586 2614 Thra-

907 2640 963 2671 cia
980 2636 1080 2670 Mars
1095 2642 1218 2675 natum
1244 2634 1412 2680 vegetius
1424 2660 1435 2677 ,
1461 2634 1478 2669 I
1493 2661 1503 2678 ,
1532 2635 1587 2669 28.

907 2688 1058 2723 Vulcani
1083 2687 1228 2723 vinculis
1252 2687 1385 2723 solutus
1407 2689 1444 2722 in
1461 2688 1586 2723 Thra-

908 2740 998 2776 ciam
1012 2740 1159 2786 migrat3
1176 2740 1377 2782 Homerus,
1395 2740 1493 2783 11.θ,
1510 2740 1587 2774 36ι.
