1826 3054
534 236 603 281 1N
639 233 878 281 ov1n11
910 233 1194 280 FAsTos.
1482 238 1560 292 48,

163 331 414 397 frequenter
428 327 714 385 desideratur,
736 327 781 375 in
799 326 1068 394 mythologis
1083 327 1272 394 denique
1284 339 1415 395 atque
1429 330 1573 395 poetis

163 405 392 472 mythicis,
419 405 495 471 qui
526 403 665 466 signis
694 402 939 452 caelestibus
971 400 1141 451 fabulas
1172 421 1273 451 suas
1303 403 1573 460 adnectunt;

166 482 339 530 siderum
363 490 540 535 ortuset
570 498 733 528 occasus
753 481 881 528 annui
906 479 963 527 ad
986 481 1089 529 anni
1113 492 1311 546 tempora
1342 480 1574 529 indicanda

167 559 225 606 ita
244 558 299 606 ab
313 556 519 605 omnibus
539 556 800 622 sta-iptorum
818 557 1052 619 generibus
1065 557 1227 623 recepti
1246 568 1349 605 sunt
1360 593 1373 614 ,
1390 568 1442 604 nt
1460 576 1577 623 quo-

168 636 391 692 rumdam,
426 635 664 701 praesertim
698 634 958 700 scriptorum
989 634 1052 682 rei
1080 634 1276 692 rusticae,
1300 634 1396 682 sine
1426 653 1583 683 eorum

169 714 421 777 cognitione
432 712 553 761 nulla
565 712 746 760 omnino
756 710 1044 775 intelligentia
1060 713 1118 760 sit
1132 717 1161 758 ¹.
1179 714 1242 773 Et>
1252 731 1298 760 re
1312 731 1410 761 vera
1420 712 1579 779 priscis

168 791 254 840 illis
275 791 532 840 hominibus
548 828 560 846 ,
591 789 806 856 praecipue
833 789 994 838 Graecis
1008 829 1021 848 ,
1044 791 1090 837 in
1112 789 1228 837 felici
1252 802 1376 838 terrae
1398 791 1578 853 regione

168 888 247 936 per
281 880 381 916 octo
403 868 493 916 fere
516 867 617 915 anni
641 885 811 915 menses
833 885 946 933 saepe
969 877 1120 914 noctes
1144 865 1349 932 diesque,
1374 867 1479 915 dum
1501 887 1582 916 ne-

171 944 303 1007 gotiis
319 943 566 1006 agrestibus
578 954 622 990 et
639 961 819 1005 gregum
837 941 982 989 tutelae
1001 959 1179 1007 operam
1196 941 1385 999 dabant,
1401 943 1486 991 sub
1505 943 1580 991 dio

172 1022 434 1085 degentibus
450 1020 540 1069 caeli
564 1020 841 1088 splendidum
858 1019 1152 1087 spectaculum
1163 1020 1295 1068 nimis
1315 1040 1361 1068 se
1379 1020 1582 1083 ingessit,

174 1101 281 1166 quin
312 1099 367 1146 ad
392 1098 532 1147 sidera
562 1097 638 1145 illa
669 1097 861 1145 animum
896 1097 1147 1155 intendere,
1183 1097 1483 1164 splendidiora
1517 1099 1584 1148 di-

173 1192 380 1239 gnoscere
394 1212 406 1231 ,
441 1186 484 1222 et
505 1186 619 1221 certa
635 1211 648 1231 ,
685 1173 849 1239 quibus
872 1173 919 1220 in
941 1172 1045 1220 caelo
1070 1173 1399 1239 conspiciantur
1419 1174 1487 1222 vel
1508 1194 1586 1223 au-

173 1252 344 1315 fugiant
358 1289 369 1308 ,
398 1263 594 1317 tempora
609 1251 837 1299 observare
854 1250 1123 1298 debuissent.
1150 1252 1209 1297 Et
1226 1250 1286 1298 ita
1295 1251 1383 1315 jam
1401 1252 1587 1300 Hesiodi

175 1341 297 1377 aetate
320 1329 375 1376 ad
401 1327 750 1395 splendidiorum
773 1327 963 1375 siderum
986 1338 1109 1375 ortus
1140 1339 1184 1375 et
1211 1346 1389 1375 occasus
1410 1329 1587 1391 negotia

175 1408 338 1456 rustica
361 1407 595 1462 distribui,
620 1406 723 1453 anni
737 1417 884 1471 partes
901 1405 1085 1470 majores
1109 1405 1348 1469 distingui,
1367 1406 1454 1471 jam
1468 1408 1589 1473 apud

177 1486 418 1532 Homerum
438 1483 560 1531 navis
576 1501 751 1531 cursum
766 1482 822 1530 ad
838 1493 1058 1530 astrorum
1078 1482 1211 1530 situm
1234 1482 1387 1546 dirigi,
1411 1483 1590 1550 caelique

175 1563 374 1626 regiones
395 1562 496 1610 inde
517 1573 652 1609 noctu
676 1561 876 1623 dignosci
907 1560 1105 1608 videmus
1131 1567 1162 1609 ².
1198 1561 1314 1613 Sine,
1333 1561 1422 1609 ulla
1444 1573 1589 1610 autem

178 1642 231 1690 de
265 1640 357 1689 caeli
388 1652 543 1688 natura
569 1639 708 1705 deque
731 1639 875 1686 causis
895 1638 1028 1702 hujus
1051 1650 1199 1686 motus
1232 1632 1514 1702 cognitione,
1547 1653 1591 1689 et

178 1719 346 1785 absque
378 1717 763 1767 observationibus
787 1716 1134 1765 accuratioribus
1167 1736 1259 1765 eam
1275 1755 1288 1775 ,
1321 1736 1451 1784 quam
1476 1719 1592 1767 dixi-

179 1815 301 1853 mus,
322 1795 513 1844 siderum
530 1794 878 1842 observationem
895 1793 1078 1855 cogitari
1100 1813 1227 1860 posse
1240 1807 1285 1842 et
1296 1814 1375 1861 per
1387 1815 1432 1844 se
1450 1808 1591 1862 patet,

183 1885 228 1921 et
250 1884 403 1920 contra
425 1872 675 1940 Bailfyjam
699 1869 827 1918 multi
847 1870 1147 1918 adseruerunt.
1168 1873 1399 1935 Quatenus
1421 1874 1468 1920 in
1487 1892 1595 1922 ocu-

183 1948 253 1996 los
275 1947 576 2001 incurrebant,
598 1959 723 1994 ortus
739 1958 784 1994 et
803 1964 982 1994 occasus
999 1957 1103 1994 tunc
1117 1947 1163 1994 in
1177 1947 1280 1995 caelo
1298 1949 1592 2007 notabantur,

189 2024 242 2072 de
267 2023 445 2090 sphaerae
469 2021 763 2087 descriptione
797 2034 840 2069 et
867 2022 1094 2070 notatione
1117 2022 1163 2070 in
1193 2033 1471 2087 παραπήγμασι
1491 2024 1597 2073 nul-

185 2099 277 2147 lum
295 2098 438 2145 adhuc
462 2097 707 2159 vestigium.
1035 2095 1042 2111 ¹
1159 2100 1161 2102 ’

250 2177 308 2223 Π.
335 2173 498 2222 Thales
532 2174 704 2239 primus
739 2172 1050 2222 astronomiam
1074 2173 1330 2240 sphaericam
1353 2188 1398 2224 et
1419 2177 1599 2244 sphaerae

232 2323 242 2341 ¹
270 2317 474 2354 Aristoteles
490 2318 536 2351 ita
555 2316 738 2361 saepissime
763 2322 862 2349 tem—
927 2316 1108 2351 notatione
1131 2330 1220 2363 saepe
1244 2325 1415 2363 utuntur,
1443 2327 1480 2354 et
1503 2319 1602 2365 plura

189 2384 316 2418 porum
334 2370 531 2405 notationes
547 2382 566 2403 a
580 2368 748 2402 sideribus
767 2367 863 2412 petit.
929 2366 1101 2411 ejusmodi
1119 2369 1275 2415 exempla
1291 2377 1425 2406 exstant
1440 2384 1493 2417 ap.
1509 2373 1603 2406 Thu-

192 2426 283 2460 Hist.
300 2424 405 2458 anim.
424 2422 516 2456 5111
528 2447 538 2464 ,
561 2423 618 2463 15,
639 2419 682 2453 de
702 2419 863 2453 thuanis:
928 2422 1081 2465 tydidem
1094 2428 1130 2455 et
1144 2423 1328 2467 Polybium.
1397 2455 1408 2461 ,

190 2483 243 2512 καὶ
269 2479 414 2525 ἄρχηται
440 2477 622 2522 θηρεύεσθαι
647 2473 704 2506 ἐπὶ
728 2473 866 2510 saniem
973 2471 1123 2518 ²0dyss.
1141 2473 1174 2504 V
1186 2498 1197 2516 ,
1217 2487 1291 2517 271.
1303 2493 1347 2501 -
1362 2476 1507 2511 Hesiod.
1524 2494 1602 2527 (pff,

193 2531 337 2567 ζηπῡῆς
372 2529 467 2575 μέχρι
502 2526 660 2573 ἄπιτε-αρν]
693 2526 803 2561 &letone
832 2524 866 2557 τὶ
930 2522 993 2555 383
1003 2548 1013 2565 ,
1034 2523 1114 2566 564,
1128 2525 1190 2570 597
1202 2550 1212 2567 ,
1228 2525 1315 2572 609,
1330 2527 1407 2570 614.
1421 2528 1602 2574 Antiquis-

191 2584 342 2623 ἔσχασε-ις
361 2577 452 2611 Vlll
461 2602 471 2617 ,
490 2578 528 2619 ¹4
538 2602 548 2617 ,
561 2576 802 2619 dequibus-dam
811 2577 867 2606 in-
930 2575 1057 2608 simum
1070 2576 1151 2610 Jobi
1161 2589 1302 2611 carmen
1315 2579 1406 2624 apud
1419 2580 1528 2615 Hebr.
1540 2594 1604 2615 no-

194 2635 294 2666 secll's
305 2657 314 2670 ,
336 2630 525 2673 ἧτυχάζνυσι
541 2632 573 2662 δὲ
589 2629 645 2661 ἐπὶ
654 2628 793 2664 ‘lueida
811 2628 866 2660 οἳ·
933 2626 980 2659 vil
990 2626 1144 2661 Pleiadas
1154 2653 1164 2670 ,
1177 2628 1332 2675 Hyadas,
1343 2629 1600 2677 Orionemque,

197 2701 272 2723 em:
283 2687 377 2729 μέχρι
388 2690 440 2717 τοῦ
451 2686 534 2731 {apog
545 2708 554 2724 ,
571 2688 606 2715 et
618 2681 663 2714 ita
673 2679 867 2724 saepissime.
935 2677 986 2710 IX
997 2703 1006 2720 ‚
1028 2689 1070 2723 9,
1088 2685 1123 2711 et
1141 2677 1330 2715 draconem
1342 2684 1602 2726 septemtriona-

197 2735 394 2781 Ipsirerum
402 2733 584 2779 scriptores
596 2732 659 2767 hac
670 2739 869 2775 temporum
933 2729 1002 2764 lem
1011 2755 1021 2773 ‚
1036 2742 1110 2774 cap.
1124 2740 1230 2774 xm,
1252 2734 1300 2776 ¹4.

355 2801 441 2843 VI.
1351 2804 1400 2845 31
