1826 3054
493 232 883 278 FASTORUM
920 233 1047 276 LIB.
1088 233 1160 276 II.

125 328 220 378 Illic
242 327 508 395 Tarquinius
528 325 731 375 mandata
749 325 928 374 latentia
949 326 1042 374 nati

1449 232 1530 286 145

1467 342 1533 387 705

191 405 389 472 Accipit,
411 416 457 462 et
475 403 597 465 virga
617 401 709 450 lilia
730 420 899 450 summa
920 403 1057 450 metit.

128 484 322 532 Nuntius
342 493 394 530 ut
412 480 566 538 rediit,
595 479 860 545 decussaque
884 477 975 526 lilia
997 478 1109 527 dixit
1126 517 1138 537 ‚

192 559 329 607 Filius
344 596 356 615 ‚
378 576 569 620 agnosco
590 557 710 622 jussa
731 555 948 622 parentis,
974 556 1046 603 ait.

130 640 221 686 Nec
242 655 388 694 mora,
415 634 694 703 principibus
717 633 838 682 caesis
860 650 913 681 ex
933 633 1044 681 urbe
1072 632 1270 692 Gabina,

194 714 450 763 Traduntur
472 712 660 761 ducibus
680 710 840 759 moenia
859 709 978 758 nuda
1001 711 1106 759 suis.
1476 735 1542 771 ¹710

131 793 268 848 Ecce,
292 790 416 857 nefas
437 789 536 837 visu
550 825 563 846 ,
585 787 742 836 mediis
765 786 978 835 altaribus
1001 787 1158 849 anguis

196 868 325 924 Exit,
351 878 395 915 et
416 865 644 915 exstinctis
664 864 846 927 ignibus
866 875 965 912 exta
985 863 1114 929 rapit.

134 946 395 995 Consulitur
413 944 613 994 Phoebus
636 962 646 990 :
672 961 768 991 sors
790 953 858 991 est
878 942 941 990 ita
955 941 1128 990 reddita
1153 961 1163 990 :
1189 943 1326 990 Matri

198 1024 293 1087 Qui
317 1022 486 1071 dederit
508 1021 717 1087 princeps
741 1017 914 1076 oscula,
935 1018 1075 1066 victor
1096 1019 1189 1066 erit.

139 1100 304 1149 Oscula
328 1100 515 1165 quisque
535 1115 623 1145 suae
645 1095 774 1144 matri
795 1107 1027 1162 properata
1051 1095 1247 1144 tulerunt
1261 1133 1273 1153 ‚

1484 1110 1549 1156 715

202 1180 305 1226 Non
327 1175 551 1225 intellecto
572 1172 747 1245 credula
769 1172 900 1220 turba
925 1173 1036 1220 Deo.

140 1255 307 1303 Brutus
330 1265 422 1302 erat
443 1251 568 1301 stulti
591 1250 766 1316 sapiens
785 1249 1002 1308 imitator,
1026 1261 1078 1297 ut
1098 1261 1213 1297 esset

143 1395 235 1428 ctus,
262 1388 340 1433 quia
353 1387 417 1421 rivi
434 1385 675 1420 inter-fluentes
690 1384 813 1419 melius

142 1453 254 1475 secate
262 1442 403 1480 bunun,
411 1450 515 1484 quaxn
524 1441 629 1483 sepite
635 1437 812 1479 dicuntum

144 1493 228 1528 AEn.
246 1492 356 1535 v111,
370 1506 430 1538 7¹7
446 1505 456 1526 τ
471 1507 489 1522 κ
507 1491 609 1536 Quos
625 1503 744 1526 secans
756 1490 814 1524 in-

146 1560 163 1574 »
178 1544 295 1579 terluit
312 1543 412 1578 Allia.
431 1558 448 1573 w
466 1543 513 1578 Et
525 1556 646 1577 secans
667 1543 761 1577 rivus
771 1542 815 1576 ir-

141 1596 250 1642 rigare
266 1596 392 1630 melius
407 1595 549 1630 hortum
565 1601 689 1640 potest,
707 1607 814 1639 quam

142 1648 430 1691 sepina—lene,
447 1646 584 1689 leniter,
600 1653 641 1680 ut
655 1647 754 1680 dulce
765 1649 816 1680 ri·-

140 1703 232 1735 dens.
244 1699 425 1741 Horatius,
440 1699 458 1734 1
468 1725 477 1742 ,
488 1697 559 1733 Od.
571 1709 604 1741 1,
620 1711 674 1740 22,
689 1697 816 1732 eodem

139 1763 255 1793 sensu,
265 1765 282 1780 α
292 1763 391 1795 aqua
403 1749 482 1785 lene
492 1755 604 1794 caput.
615 1750 816 1783 »-—-Illicac-

139 1805 230 1846 cae'pt'l.
239 1801 441 1836 Secundum
460 1801 640 1836 historicos
656 1800 737 1835 illuc
747 1807 817 1834 tra-

142 1853 238 1888 duxit
247 1853 409 1887 nuntium
432 1872 476 1878 —
487 1854 661 1893 Latentia,
682 1864 817 1887 arcana.

141 1907 278 1938 —Lilia
293 1918 422 1939 summa
431 1908 533 1939 metit.
549 1904 606 1939 Sic
621 1903 729 1939 tacitis
740 1917 818 1938 am·-

142 1956 284 2001 bagibus
296 1956 492 2001 respondet.
509 1956 699 2003 Dionysius
715 1968 815 1990 com-

146 2015 243 2053 parat
257 2007 367 2042 simile
387 2007 594 2053 Thrasybuli
608 2007 737 2042 Milesii
748 2007 819 2042 sac-

146 2067 233 2094 tum.
249 2077 293 2084 —
302 2059 463 2102 Agnosco
470 2084 480 2098 ,
493 2057 657 2102 intelligo.
665 2076 709 2084 —
719 2060 820 2093 Nuda

147 2113 296 2146 ducibus.
308 2109 427 2144 Livius
442 2123 459 2138 κ
472 2107 556 2142 orba
568 2109 711 2143 consilio
725 2109 823 2144 auxi-

150 2178 167 2193 »
182 2163 308 2208 lioque.
324 2175 342 2191 »ι

194 2228 268 2259 7¹¹-
297 2213 352 2247 De
373 2212 440 2246 hoc
464 2210 622 2257 prodigio
645 2211 686 2246 es.
705 2212 744 2255 1,
770 2211 823 2246 56.

152 2266 311 2301 Pertinet
331 2264 373 2299 ad
385 2263 568 2299 consilium
587 2271 698 2309 poetae
717 2275 824 2309 prop-

151 2326 206 2352 ter
221 2316 390 2363 Apollinis
400 2328 605 2361 responsum
613 2323 649 2351 et
659 2316 823 2352 Brutum.

153 2370 264 2405 Pestis
272 2382 373 2404 causa
381 2381 507 2414 pueros
516 2368 629 2414 regios
640 2368 761 2403 missos
771 2381 826 2403 es-

154 2435 190 2457 se
206 2422 352 2470 Dionys.
363 2423 430 2465 lv,
446 2422 509 2470 69,
521 2423 829 2466 narrat—Anguis

157 2474 253 2508 Livio
263 2481 401 2508 auctore
410 2487 428 2508 e
438 2474 551 2520 lignea
562 2474 725 2509 columna
736 2474 827 2508 exiit.

156 2527 289 2569 Anguis
303 2524 481 2571 adspectus
506 2526 542 2560 in
567 2526 697 2561 aedibus
716 2525 828 2560 autin

155 2577 279 2610 itinere
289 2577 384 2612 triste
395 2577 591 2623 prodigium
599 2591 646 2613 zv.
655 2577 829 2613 Schwarz.

157 2627 201 2662 ad
218 2627 446 2673 Theophrast.
466 2629 654 2664 16.—-··Hine
669 2630 767 2674 nefas
776 2633 831 2663 vi-

158 2692 216 2718 su,
239 2686 276 2713 et
290 2679 382 2725 apud
404 2680 546 2715 Livium
561 2707 572 2725 ‚
588 2695 606 2710 «
626 2687 830 2726 portentum

161 2744 180 2761 υ
196 2730 348 2772 terribile
358 2756 369 2773 ,
378 2745 397 2761 ι·
405 2731 499 2777 quod
514 2739 686 2779 terrorem
696 2731 832 2778 sugam-

314 2797 403 2842 Vl.

877 1396 945 1430 que
960 1383 998 1418 in
1015 1383 1146 1429 regiam
1168 1383 1310 1427 fecerit,
1337 1383 1553 1430 dignumque

876 1435 1034 1470 habitum
1044 1437 1088 1471 sit
1098 1462 1108 1480 ,
1124 1436 1168 1471 de
1184 1449 1254 1482 quo
1263 1436 1454 1482 Delphicus
1464 1437 1552 1473 adeo

877 1487 1005 1534 Apollo
1020 1488 1270 1523 consuleretur.
1279 1487 1384 1524 ovid.
1402 1489 1467 1524 tria
1476 1490 1556 1524 tris-

877 1540 925 1575 tia
932 1539 1076 1584 addidit,
1086 1539 1218 1583 altaria,
1228 1548 1304 1575 exta
1313 1548 1423 1586 rapta,
1435 1540 1554 1587 ignem

878 1591 1097 1626 exstinctum.
1115 1591 1221 1626 Errat
1239 1592 1426 1635 Krebsius,
1445 1606 1555 1638 quum

878 1643 1004 1678 docere
1030 1643 1127 1687 vult,
1148 1651 1348 1689 serpentem
1367 1644 1462 1680 hunc
1479 1653 1557 1680 exta

878 1694 1074 1740 rapientem
1087 1695 1396 1730 eximiumbonum
1409 1703 1558 1742 porten-

879 1746 979 1782 disse.
988 1766 1033 1772 —
1040 1747 1306 1783 Nax-rationibus
1315 1748 1556 1794 prodigiorum

879 1804 915 1833 et
926 1799 1005 1833 alibi
1018 1811 1096 1834 ecce
1106 1800 1270 1845 praemitti
1284 1799 1389 1844 solet,
1403 1807 1445 1835 ut
1458 1800 1558 1848 Virg.

881 1849 1023 1885 AEneid.
1042 1851 1080 1886 II
1091 1877 1101 1895 ‚
1118 1852 1193 1886 203.
1450 1889 1457 1893 ,

926 1917 943 1948 7
950 1903 1000 1937 13.
1015 1903 1164 1939 Ovidius
1174 1904 1286 1939 nimio
1293 1905 1472 1941 brevitatis
1481 1913 1560 1941 stu-

882 1953 941 1988 dio
955 1954 1120 1991 obscurus
1132 1982 1142 1999 ,
1158 1963 1217 1990 aut
1224 1956 1328 1991 falsus
1345 1956 1434 1991 adeo
1448 1956 1560 2000 sactus

882 2012 943 2041 at.
959 2006 1126 2042 perfectis
1142 2008 1249 2053 patris
1266 2008 1460 2053 mandatis,
1471 2010 1560 2055 regii

882 2058 1027 2102 juvenes
1040 2059 1275 2104 sciscitantur,
1293 2060 1336 2094 ad
1360 2073 1466 2106 quem
1489 2074 1559 2096 eo-

883 2121 965 2143 rum
987 2122 1139 2155 regnum
1161 2111 1206 2146 sit
1231 2119 1433 2148 venturum.
1461 2113 1559 2148 Tum

885 2160 1030 2196 demum
1037 2162 1115 2206 hoc,
1127 2163 1221 2208 quod
1232 2165 1402 2209 sequitur,
1414 2178 1560 2211 respon-

885 2224 964 2246 sum
973 2212 1141 2249 redditur.
1149 2214 1205 2249 Eo
1220 2217 1308 2250 moti
1318 2217 1410 2262 apud
1421 2217 1561 2252 Livium

886 2264 1104 2300 constituunt
1122 2278 1200 2300 tem
1224 2268 1308 2302 sorti
1333 2269 1561 2313 permittere;

888 2316 979 2362 apud
994 2317 1139 2364 Dionys.
1165 2321 1269 2355 ambo
1287 2321 1392 2356 simul
1414 2322 1563 2357 osculari

889 2376 1104 2404 matrem.-
1119 2374 1317 2417 properata,
1341 2387 1500 2420 propere.
1518 2393 1563 2404 —-

894 2423 1006 2456 Turba
1015 2421 1058 2457 de
1075 2422 1220 2459 duobus.

936 2486 971 2516 7¹
980 2487 1008 2519 7.
1023 2475 1063 2508 L.
1079 2475 1205 2510 Jum'us
1217 2477 1345 2511 Battus
1356 2477 1561 2525 Tarquinia,

890 2524 980 2569 regis
994 2537 1112 2560 sorore
1122 2551 1131 2568 ,
1152 2533 1254 2562 natus
1266 2553 1275 2571 ‚
1294 2540 1403 2573 quum
1417 2529 1564 2566 fiatrem

891 2589 994 2611 suum
1014 2589 1085 2611 una
1101 2590 1182 2612 cum
1200 2579 1410 2624 prirnoribus
1418 2582 1563 2619 civitatis

893 2629 935 2664 ab
951 2630 1122 2665 avunculo
1136 2631 1358 2668 intersectum
1367 2634 1564 2681 audivisset,

893 2687 1074 2715 contemtu
1085 2688 1177 2717 tutus
1189 2686 1233 2718 ab
1246 2686 1383 2720 insidiis
1395 2700 1475 2723 ,esse
1494 2700 1565 2721 vo-

894 2731 968 2767 luit.
982 2751 1026 2759 -·
1043 2732 1138 2779 Ergo
1152 2734 1197 2771 de
1213 2735 1383 2773 industria
1402 2741 1502 2773 stulti
1510 2740 1576 2776 si«.

1313 2821 1363 2848 10
