1826 3054
483 264 897 311 FASTORUM
932 265 1063 308 LIB.
1109 264 1167 308 V.

1446 261 1532 321 357

184 361 407 417 Vertitur,
433 370 478 407 et
498 358 646 421 nigras
668 358 828 425 accipit
851 376 926 406 ore
946 356 1069 406 sabas
1087 375 1098 412 ;

120 441 395 505 Aversusque
413 437 537 502 jacit3
560 436 637 485 sed
661 436 766 486 dum
786 436 910 501 jacit,
934 437 1039 484 Haec
1062 453 1144 498 ego
1163 433 1291 482 mitto
1310 451 1321 491 3

186 518 293 573 His,
318 515 486 582 inquit,
511 515 679 563 redimo
704 533 859 581 meque
882 532 1089 580 meosque
1108 512 1234 561 fabis.

123 594 220 640 Hoc
245 591 395 639 novies
419 591 546 648 dicit,
570 609 652 639 nec
675 590 855 656 respicit
874 610 883 637 :
908 589 1064 637 umbra
1086 599 1267 655 putatur

189 666 430 729 Colligere,
454 677 499 714 et
520 665 647 714 nullo
668 677 789 728 terga
811 665 983 713 vidente
1002 664 1140 730 sequi.

1470 675 1537 721 440

122 744 295 792 Rursus
318 760 475 809 aquam
502 741 668 804 tangit,
687 742 990 806 Temesaeaque
1014 728 1247 805 concrepat
1269 757 1371 797 aera;

185 822 245 868 Et
267 832 423 883 rogat,
448 833 499 869 ut
525 821 650 868 tectis
674 830 797 868 exeat
819 818 974 867 umbra
994 819 1098 866 suis.

123 901 275 963 Quum
295 899 406 947 dixit
426 899 600 956 novies,
626 899 780 946 Manes
801 897 913 946 exite
933 896 1103 963 paterni
1123 915 1133 954 ;

186 974 409 1040 Respicit,
440 986 483 1023 et
504 992 613 1041 pure
635 992 754 1022 sacra
773 984 947 1039 peracta
967 983 1108 1040 putat.

122 1049 252 1103 Dicta
276 1050 335 1098 sit
356 1049 474 1098 unde
496 1049 589 1097 dies
604 1086 617 1107 ‚
643 1067 741 1114 quae
763 1048 954 1095 nominis
978 1059 1118 1096 exstet
1140 1047 1266 1111 origo
1280 1086 1292 1107 ‚

1471 1060 1537 1106 44⁵

187 1126 265 1173 Me
289 1125 403 1187 fugit
422 1144 433 1172 τ
458 1142 510 1172 ex
533 1123 682 1190 aliquo
706 1135 773 1171 est
793 1122 1050 1170 invenienda
1075 1123 1171 1171 deo.

121 1202 298 1251 Pleiade
321 1214 447 1260 nate,
468 1220 622 1259 mone,
647 1201 769 1264 virga
790 1200 1033 1249 venerande
1054 1201 1253 1267 potenti;

126 1313 221 1346 noles
234 1324 350 1356 aquas.
368 1310 504 1345 Confer
519 1310 603 1345 AEn.
626 1310 678 1344 lv
689 1336 699 1354 ,
723 1311 798 1343 512.

126 1382 170 1389 —
187 1364 320 1402 Rursus
335 1363 529 1409 disputant,
552 1370 593 1398 ut
614 1362 686 1406 IV,
706 1362 769 1407 778
785 1387 796 1404 ‚

126 1423 246 1450 utrum
252 1419 377 1459 perluit
387 1415 575 1461 legendum
589 1416 634 1450 sit
643 1441 653 1456 ‚
666 1427 709 1449 an
715 1427 798 1458 pm-

123 1471 191 1503 Iue‘t
200 1482 281 1504 cum
298 1469 388 1510 aliis;
401 1468 695 1504 Mitscherlichius
710 1480 798 1512 pro-

122 1524 196 1562 luit,
205 1521 265 1556 sed
277 1522 417 1566 plurimi
427 1522 523 1557 MSS
534 1521 681 1556 alterum
692 1527 799 1555 tuen-

124 1579 193 1607 tur.
216 1572 314 1608 Olim
330 1573 498 1608 edebatur
513 1586 522 1607 ε
540 1574 710 1617 Quumque
724 1584 801 1605 ma-

125 1638 189 1659 nns
202 1638 295 1669 pure.
320 1626 483 1660 Alterum
508 1624 675 1660 Heinsius
698 1622 799 1657 codd.

126 1677 327 1712 auctoritate
353 1676 528 1722 adoptavit
543 1702 552 1718 ‚
581 1683 617 1710 et
631 1682 800 1720 praterea

126 1728 259 1771 mallet,
274 1732 336 1762 nbi
339 1731 467 1772 perluit
476 1734 534 1762 aut
545 1730 681 1772 proluit.
689 1745 733 1752 —
744 1726 800 1760 De

119 1780 218 1824 sabis
232 1779 353 1815 confer
366 1781 402 1814 ll
413 1807 423 1823 ,
448 1780 512 1825 576
525 1806 535 1823 ,
553 1779 611 1813 ubi
625 1791 711 1813 anus
724 1790 802 1821 sep-

127 1838 191 1866 ten
200 1836 313 1875 ufgras
323 1838 437 1866 uersat
449 1835 485 1865 in
497 1845 553 1865 ore
554 1831 674 1875 sabas.
685 1830 801 1865 Etiam

129 1883 196 1917 hoc
211 1882 286 1916 loco
302 1882 358 1916 alii
371 1909 381 1926 ,
398 1886 524 1927 σει-φη
537 1896 592 1917 ore
595 1883 714 1927 sabas.
730 1881 802 1916 Sed

131 1935 339 1970 Burmanno
362 1934 435 1968 veri
454 1946 526 1967 non
545 1933 727 1968 videbatur
748 1934 803 1968 si-

134 1985 216 2019 mile
230 2011 240 2027 ‚
275 1984 436 2019 timidum
461 1985 560 2019 illum
577 1984 725 2019 deorum
748 1997 805 2019 om

134 2037 226 2072 sabas
243 2038 401 2072 sumsisse
415 2063 423 2079 ,
442 2050 526 2082 quas
540 2037 700 2071 manibus
715 2038 806 2081 jace-

135 2095 200 2123 ret.
212 2089 333 2133 Itaque
341 2096 420 2122 ante
430 2089 577 2134 recepit,
595 2088 688 2133 quod
705 2088 807 2122 multi

136 2154 177 2176 ex
193 2141 342 2186 antiquis
363 2140 548 2183 exhibent,
567 2139 626 2175 sed
643 2140 808 2174 Heinsius

137 2195 586 2240 improbaverat—Raima
598 2206 663 2233 me,
682 2206 727 2227 ne
743 2192 810 2227 do-

139 2259 237 2280 mum
253 2258 367 2280 meam
379 2245 524 2279 turbetis
535 2245 704 2280 etvexetis
713 2245 811 2286 3Var-

139 2297 235 2332 rode
252 2296 334 2331 Vita
347 2297 465 2342 populi
483 2297 634 2331 Romani
653 2310 661 2331 :
680 2310 698 2326 «
717 2296 813 2341 Qui-

146 2364 163 2379 ›-
178 2349 243 2383 bus
267 2348 483 2394 temporibus
510 2348 547 2383 in
572 2349 674 2383 sacris
696 2348 813 2383 sabam

148 2415 165 2430 ι·
180 2401 309 2445 jactant
334 2406 441 2434 noctu
454 2425 464 2442 ,
491 2413 529 2434 ac
545 2399 666 2434 dicunt
682 2413 718 2434 se
736 2400 813 2434 Le·-

148 2466 166 2481 1·
180 2463 297 2486 mures
305 2459 399 2486 extra
409 2452 551 2496 ianuam
561 2452 698 2496 ejicere.
710 2467 726 2481 »ι
735 2451 815 2487 Fes-

148 2511 203 2539 tus
218 2517 226 2538 :
245 2519 262 2533 κ
280 2504 408 2538 Fabam
420 2517 485 2539 nec
498 2512 639 2549 tangere
650 2531 660 2548 ‚
676 2518 741 2538 nec
751 2517 817 2538 no⁴

152 2570 168 2584 ι·
185 2555 318 2589 minare
334 2555 427 2590 Diali
444 2556 579 2591 flamini
603 2556 702 2596 licet;
721 2555 817 2601 quod

155 2622 172 2637 υ
187 2620 228 2641 ea
241 2613 383 2652 putatur
395 2607 439 2642 ad
452 2615 609 2642 mortuos
623 2608 817 2654 pertinere:

152 2674 169 2688 ›-
187 2671 271 2692 nam
286 2665 323 2693 et
341 2658 578 2695 Iaemuralibus
598 2660 721 2704 jacitur
741 2660 818 2693 lar-

149 2725 167 2740 »
185 2710 235 2744 vis
245 2737 256 2752 ,
273 2717 309 2745 et
320 2711 559 2747 Parentalibus
569 2712 754 2747 adhibetur
763 2725 821 2746 sa-

151 2777 168 2792 »
186 2761 341 2805 crificiis;
358 2769 392 2798 et
407 2763 443 2798 in
459 2763 546 2799 flore
559 2764 636 2808 ejus
654 2764 765 2799 luctus
781 2764 822 2798 li-

864 1324 883 1340 »
906 1316 991 1346 terae
1005 1323 1172 1355 apparere
1185 1310 1358 1346 videntur.
1370 1325 1389 1341 ι
1400 1329 1445 1337 -
1457 1311 1538 1344 Col-

861 1365 962 1406 ligere
974 1375 1103 1408 nempe
1120 1363 1224 1397 sabas.

904 1416 980 1458 441.
996 1413 1162 1449 Heinsius
1178 1427 1219 1448 ex
1233 1426 1307 1448 uno
1324 1413 1537 1448 Mazarinaeo

861 1465 990 1500 invexit
998 1479 1089 1511 aqua
1096 1469 1206 1510 tangit
1214 1493 1223 1505 ‚
1241 1465 1367 1500 scilicet
1374 1479 1443 1499 aera
1453 1478 1464 1508 ,·
1475 1465 1536 1500 sed

861 1517 918 1552 hic
933 1518 1020 1552 ritus
1032 1530 1106 1551 non
1121 1517 1260 1552 aliunde
1276 1523 1380 1552 notus
1396 1524 1456 1552 est.
1470 1518 1538 1552 Re-

862 1570 980 1603 vocavi
995 1569 1102 1614 igitur
1115 1581 1255 1613 aquam,
1275 1568 1368 1613 quod
1386 1569 1489 1603 etiam
1506 1571 1542 1603 τέ

862 1634 976 1656 rursus
983 1621 1194 1657 confirmare
1203 1621 1281 1656 vide
1286 1628 1356 1664 tur,
1366 1621 1536 1666 respicere

865 1673 961 1707 enim
976 1685 1042 1707 nos
1055 1673 1154 1717 jubet
1170 1686 1258 1709 vers.
1276 1674 1351 1717 435.
1363 1692 1407 1699 -
1420 1674 1539 1708 Teme-

864 1737 906 1758 sa
916 1751 925 1765 ‚
948 1723 1030 1758 urbs
1052 1724 1272 1759 Bruttiorum
1291 1725 1362 1769 jam
1388 1724 1539 1759 Homeri

866 1784 965 1812 aetate
992 1777 1069 1811 aeris
1093 1777 1220 1811 fodinis
1244 1777 1334 1813 clara
1347 1792 1357 1819 ;
1383 1777 1511 1812 Strabo
1526 1805 1537 1820 ‚

867 1829 921 1863 Vl
934 1855 944 1872 ,
972 1842 1005 1874 p.
1024 1829 1088 1877 393
1106 1843 1115 1870 ;
1137 1829 1243 1863 etiam
1258 1830 1333 1865 Vll
1349 1829 1437 1864 Met.
1455 1842 1537 1876 207,

872 1882 1037 1914 Temesaea
1052 1894 1121 1915 oera
1139 1882 1175 1915 in
1197 1894 1262 1916 usu
1278 1882 1422 1927 magico.
1445 1882 1541 1916 AEris

867 1938 984 1965 autem
993 1931 1161 1973 tinnitum
1171 1940 1290 1980 aptum
1300 1946 1371 1967 esse
1384 1933 1540 1967 habitum

868 1983 911 2017 ad
924 1990 1060 2029 spectra
1074 1983 1243 2028 ejicienda
1256 2010 1267 2027 ,
1282 1984 1385 2019 docet
1401 1985 1542 2030 Neapo-

867 2035 919 2070 lis.
936 2053 981 2061 —
996 2036 1067 2070 Pro
1090 2041 1268 2080 concrepat
1287 2036 1421 2082 primus
1443 2036 1541 2071 Am·-

870 2087 1049 2122 bresianus
1059 2094 1095 2122 et
1105 2087 1190 2122 Laeti
1203 2091 1358 2123 concutit.
1366 2088 1425 2124 Sic
1439 2089 1455 2123 1
1467 2088 1544 2123 Me-

872 2145 954 2172 tam.
974 2140 1053 2183 143:
1069 2153 1087 2169 κ
1104 2140 1308 2185 crepitantia
1320 2141 1474 2175 concutit
1490 2153 1544 2174 ar-

875 2205 893 2220 »
910 2202 978 2223 ma.
993 2204 1011 2219 ›-
1028 2190 1098 2225 Sed
1112 2189 1148 2224 id
1163 2203 1259 2226 nunc
1272 2204 1344 2226 uno
1360 2191 1467 2226 verbo
1486 2204 1547 2226 ex-

873 2255 1040 2289 pressum.
1058 2261 1103 2269 —
1118 2245 1223 2283 Pure,
1243 2245 1337 2289 quod
1356 2245 1436 2279 alias
1451 2248 1525 2280 rite.

919 2296 994 2338 445.
1006 2294 1168 2329 Nominis
1180 2296 1277 2341 origo
1287 2323 1297 2339 ,
1311 2296 1353 2331 ad
1372 2309 1477 2341 quam
1492 2296 1549 2330 in-

876 2345 1085 2381 veniendam
1097 2372 1107 2389 ,
1131 2359 1230 2382 more
1244 2361 1308 2382 suo
1326 2355 1428 2393 poeta
1442 2347 1550 2382 deum

876 2399 1014 2433 invocat
1022 2425 1032 2441 ,
1048 2405 1084 2433 et
1093 2398 1235 2444 quidem
1246 2399 1466 2434 Mercurium
1475 2425 1485 2443 ,
1494 2399 1551 2434 cui

878 2464 934 2485 res
950 2450 1095 2486 inferna
1111 2457 1194 2485 sunt
1213 2451 1399 2486 notissima
1413 2478 1424 2494 ,
1442 2458 1477 2486 et
1492 2452 1553 2496 qui

878 2503 946 2538 boc
968 2516 1088 2538 mense
1113 2504 1290 2539 colebatur
1307 2519 1317 2545 ;
1351 2518 1439 2540 vers.
1457 2505 1522 2543 553
1542 2519 1552 2546 ;

881 2555 1105 2599 Plutarchus,
1123 2555 1258 2600 Quat.
1273 2555 1423 2591 Roman.
1436 2570 1469 2602 p.
1483 2558 1555 2600 148.

880 2625 925 2632 -·
934 2608 1096 2647 Invenire,
1114 2608 1448 2653 perscrutari—Pro
1461 2612 1556 2653 virga

882 2657 1044 2704 Gottorp.
1056 2661 1183 2704 lingua.
1194 2659 1287 2694 Sane
1299 2659 1498 2694 Mercurius
1497 2660 1557 2704 sa-

884 2713 1012 2747 candus
1026 2718 1076 2746 est
1091 2725 1199 2758 nepos
1213 2707 1364 2747 Atlantis
1375 2739 1386 2755 ‚
1411 2712 1427 2758 (
1441 2713 1559 2747 Hora-

885 2764 953 2798 tius
964 2789 974 2806 ,
1001 2763 1040 2806 I,
1063 2762 1134 2799 Od.
1150 2775 1172 2799 x
1186 2789 1196 2808 ,
1221 2764 1263 2807 ι)
1290 2770 1326 2799 et
1341 2767 1458 2809 lingua
1474 2777 1560 2809 opus
