1826 3054
264 257 291 286 α
756 231 1158 281 PRAEFATlo.

258 338 368 410 ejus
383 355 412 389 a
428 353 541 390 mea
562 331 801 387 nonnihil
819 331 1102 404 discrepare
1117 325 1380 397 videbam,
1397 327 1663 400 persistere

259 436 311 489 in
328 454 478 509 opere
489 447 654 507 coepto
667 431 875 506 placuit.
894 429 974 485 De
991 448 1104 483 mea
1121 427 1316 481 ratione
1335 445 1497 501 pauca
1509 442 1631 481 sunt
1644 468 1659 498 ‚

255 554 375 612 quae
390 552 628 588 moneam
638 574 650 585 .
667 532 710 586 A
729 530 1022 586 recensione
1036 525 1660 583 Heinsio-Burmanniana

256 632 442 706 passim
461 627 801 685 recedendum
818 626 945 680 mihi
964 625 1235 681 videbatur
1257 647 1267 677 ε
1295 645 1465 701 neque
1480 645 1662 680 omnes

257 731 521 798 lectioneS,
549 748 676 805 quas
692 725 1078 782 Mitscherlichii
1095 724 1165 778 V.
1188 724 1260 778 D.
1286 723 1541 797 judicium
1560 725 1661 780 ele-

252 830 346 904 git,
361 846 555 882 servare
572 841 820 901 poteram.
842 824 1020 900 Itaque
1039 838 1237 878 textum
1256 822 1385 897 ipse,
1399 842 1503 899 qua
1518 824 1659 896 potui

251 926 542 1002 diligentia,
571 924 810 979 constitui
833 964 848 994 ,
877 922 1192 998 singulisque
1212 921 1338 975 locis
1365 919 1512 975 factae
1539 940 1658 975 mu-

254 1025 454 1079 tationis
489 1021 685 1079 reddidi
721 1023 994 1076 rationem.
1044 1019 1093 1074 E
1119 1020 1273 1073 variis
1309 1018 1618 1075 lectionibus
1642 1062 1657 1090 ,

248 1144 375 1200 quas
398 1122 629 1198 exempla
654 1122 896 1177 carminis
923 1135 1032 1175 tam
1065 1121 1253 1194 scripta
1279 1160 1296 1190 ,
1335 1139 1497 1197 quam
1524 1120 1660 1176 edita

249 1221 638 1297 suppeditabant
656 1261 671 1290 ,
701 1218 1062 1274 memorabiles
1083 1259 1098 1289 ,
1135 1219 1456 1292 conjecturas
1481 1234 1659 1276 autem

249 1321 476 1373 virorum
503 1318 772 1372 doctorum
791 1358 806 1387 ,
834 1336 953 1394 quae
991 1315 1206 1394 quidem
1237 1315 1370 1370 mihi
1410 1317 1655 1374 innotue-

249 1430 370 1470 mnt
386 1456 401 1484 ,
416 1433 595 1471 omnes
605 1414 836 1485 exhibui,
855 1413 1040 1469 additis
1060 1413 1266 1486 judiciis
1281 1429 1390 1469 tam
1406 1414 1653 1486 aliorum,

248 1533 404 1591 quam
434 1515 559 1569 meis
582 1512 1067 1590 qualibuscumque.
1102 1512 1162 1567 ln
1191 1514 1577 1588 interpretando
1602 1516 1656 1571 id

249 1611 506 1688 agendum
533 1626 637 1666 erat
656 1652 671 1681 ,
700 1626 758 1665 ut
777 1610 964 1665 modus
984 1627 1269 1667 servaretur
1294 1635 1306 1665 t
1331 1633 1455 1668 nam
1476 1615 1518 1668 si
1538 1617 1657 1692 quis

247 1712 421 1766 omnia
439 1752 454 1782 ,
494 1731 719 1788 quorum
746 1710 1171 1785 explicandorum
1196 1714 1521 1768 occasionem
1556 1714 1654 1769 hoc

246 1828 448 1863 carmen
476 1809 700 1884 praebet,
730 1810 982 1885 copiosius
1016 1810 1269 1867 illustrare
1295 1811 1418 1868 velit
1439 1854 1455 1884 ,
1484 1815 1651 1888 majo-

248 1926 354 1960 rem
371 1907 425 1960 in
442 1907 635 1962 molem
652 1906 796 1963 facile
815 1907 943 1964 liber
958 1910 1226 1981 increscat,
1240 1911 1479 1986 plurimis
1495 1914 1651 1968 etiam

245 2006 535 2061 excursibus
549 2022 599 2061 et
608 2006 1036 2083 disputationibus
1055 2025 1314 2066 oneratus.
1335 2010 1534 2067 Rerum
1552 2032 1651 2068 cae-

246 2103 447 2159 lestium
473 2104 654 2159 rudem
684 2105 836 2162 fuisse
859 2106 1115 2164 Ovidium
1133 2150 1148 2180 ,
1181 2125 1338 2187 atque
1357 2110 1414 2164 in
1434 2111 1495 2164 iis
1521 2110 1649 2166 rese-

248 2202 416 2257 rendis
442 2203 660 2261 subinde
678 2226 934 2281 peccasse,
957 2211 1074 2264 satis
1088 2225 1307 2266 constat.
1330 2210 1389 2265 ln
1412 2210 1473 2264 iis
1494 2211 1649 2286 igitur

243 2301 544 2377 castigandis
569 2323 673 2357 non
703 2304 886 2381 longus
916 2306 1027 2378 fui3
1057 2310 1175 2363 satis
1205 2308 1337 2363 mihi
1369 2307 1466 2364 fuit
1493 2328 1643 2363 men-

246 2411 347 2452 tem
366 2414 529 2473 poetae
545 2441 561 2470 ‚
588 2400 677 2455 ubi
698 2402 1008 2459 subobscura
1027 2420 1187 2479 esset,
1215 2407 1430 2482 aperire.
1457 2405 1645 2481 Scripsi

246 2491 426 2549 Fuldae
452 2496 572 2552 Kal.
605 2498 758 2554 Mart.
792 2520 828 2554 m
858 2520 980 2556 neec
1001 2522 1073 2556 xi.

802 2691 1092 2732 -5—*7
