1826 3054
536 233 604 277 IN
638 232 884 275 ovlnn
916 230 1210 275 FAsTos.
1498 231 1585 293 493

178 327 460 374 demiatorem
481 324 646 389 jungit;
668 323 780 371 Pisc.
814 340 870 371 12
891 342 902 371 :
921 328 1136 384 Εὐκτήμονι
1155 330 1363 389 ἀρκτοῦρος
1381 328 1589 382 ἐπιτέλλει,

179 410 241 452 mi
274 412 536 468 προτρυγήτηρ
563 407 738 466 ἐπιφανής.
766 400 1027 450 Ptolemaeus
1050 399 1168 448 haud
1193 399 1326 448 dubie
1358 420 1412 449 ex
1442 403 1595 451 eodem

182 481 222 528 d.
254 480 281 527 5
304 482 437 528 Mart.
476 487 687 544 ἀρκτοῦρος
722 485 893 544 ἑσπέριος
930 482 1125 527 ἐπιτέλλει.
1149 478 1264 526 Plin.
1291 480 1466 535 XVIII,
1504 479 1593 537 26,

181 557 211 604 8
234 556 466 605 Kalendar.
494 558 628 606 Mart.
656 557 908 605 hirundinis
931 557 1026 604 visu
1050 568 1095 605 et
1118 569 1297 623 postero
1322 556 1392 605 die
1417 557 1596 605 Arcturi

180 643 323 680 exortu
341 634 567 697 vespertino
584 673 596 689 ,
633 632 710 699 qui
730 651 828 681 cum
847 631 1037 680 Eudoxo
1058 631 1174 680 facit.
1200 632 1272 680 Ad
1290 632 1497 681 amussim
1517 652 1595 680 au-

183 723 270 759 tem
294 710 498 759 Petavius
521 731 621 760 cum
645 713 943 765 Euctemone,
977 710 1020 756 in
1045 709 1170 774 cujus
1200 708 1352 758 tabula
1388 719 1596 779 acronycte

180 788 309 835 oritur
328 787 438 836 Pisc.
471 787 562 846 13⁰,
586 787 645 835 32
669 819 730 834 =
748 786 791 835 d.
817 785 845 833 5
871 786 1004 834 Mart.

245 864 367 912 Idem
393 865 518 924 video
545 864 900 914 animadvertisse
935 863 1249 919 Pontederam,
1286 865 1363 929 qui
1393 875 1600 912 astrono-

181 940 314 988 micas
337 942 528 990 rationes
548 960 602 989 ne
626 940 820 1008 respexit
841 939 1042 1006 quidem,
1074 959 1118 1007 p.
1149 939 1256 1000 405.
1282 942 1431 1003 Quam
1451 941 1603 988 Taub-

183 1035 314 1065 uerus
338 1030 496 1076 tentat,
520 1017 684 1067 medela
705 1056 717 1075 ,
754 1030 826 1076 ut,
854 1017 1210 1080 interrogationis
1234 1016 1362 1079 signo
1387 1029 1492 1083 post
1514 1027 1604 1065 tuos

183 1098 331 1162 posito
346 1135 357 1154 ,
378 1096 504 1145 locus
519 1108 715 1159 negetur,
728 1097 799 1143 vix
811 1095 1077 1143 mentionem
1090 1106 1292 1143 meretur.
1307 1096 1471 1160 Aperte
1489 1095 1605 1150 inter

182 1174 287 1221 vitia
309 1192 334 1220 a
353 1186 483 1239 poeta
506 1173 696 1223 admissa
717 1172 968 1222 referendus
990 1184 1056 1220 est
1078 1172 1228 1229 locus,
1250 1182 1294 1220 et
1312 1170 1603 1238 probabiliter

182 1250 344 1307 fastos,
375 1271 488 1317 quos
514 1251 803 1317 sequebatur,
828 1250 938 1299 male
961 1249 1081 1312 legit.
1114 1249 1316 1298 Occasum
1342 1249 1458 1297 enim
1479 1258 1607 1296 malu-

183 1329 330 1384 tinum,
361 1348 488 1394 quem
512 1329 558 1375 in
577 1329 695 1375 hunc
719 1327 836 1375 diem
855 1326 966 1375 male
992 1326 1169 1392 posuit,
1192 1337 1307 1374 recte
1327 1325 1536 1374 describit
1548 1326 1605 1382 V,

189 1406 279 1471 733
306 1408 325 1471 <
345 1406 387 1453 d.
414 1405 475 1453 26
499 1406 664 1469 Mai),

361 1530 511 1566 Auferat
528 1545 570 1566 ex
589 1531 696 1566 oculis
713 1532 858 1566 veniens
875 1527 1015 1565 Ain-ora
1033 1533 1188 1571 Booten,-

187 1640 486 1689 consentiente
510 1640 716 1696 Petavio‚
753 1639 829 1706 qui
862 1639 1060 1688 eumdem
1083 1638 1139 1687 ad
1163 1638 1288 1686 Gem.
1313 1639 1381 1685 III
1397 1675 1410 1694 ,
1449 1636 1504 1685 16
1528 1638 1609 1686 ad-

187 1718 342 1765 scribit
366 1730 409 1766 et
430 1717 518 1765 sere
541 1716 786 1766 Columella
805 1739 815 1765 :
836 1719 901 1764 XI
922 1714 1107 1764 Kalend.
1131 1716 1235 1763 Jun.
1265 1717 1471 1764 Arcturus
1492 1735 1609 1764 mane

190 1795 335 1842 occidit
348 1815 362 1842 .·
383 1795 436 1842 cf.
460 1796 659 1843 Euctem.
684 1795 731 1842 in
751 1795 877 1842 Gem.
899 1793 1089 1842 Ovidius
1105 1793 1289 1841 maxime
1307 1792 1363 1842 ad
1383 1793 1607 1841 veritatem

189 1870 366 1918 accedit.

258 1950 321 1997 3⁰.
360 1950 436 2004 IV,
463 1949 558 2014 904
580 1949 655 2013 (d.
683 1948 743 1995 25
765 1947 946 2014 April.)
972 1948 1104 1996 Canis
1129 1947 1317 1995 traditur
1338 1947 1469 1994 oriri:

366 2072 544 2117 Signaque
561 2071 646 2106 dant
662 2071 812 2112 imbres;
836 2071 1059 2115 exoriturque
1079 2069 1209 2112 Canis;

194 2172 248 2220 ad
284 2172 404 2238 quod
438 2171 560 2219 sidus
593 2170 855 2237 placandum
887 2169 1122 2232 Robigalia
1154 2169 1357 2218 instituta
1388 2169 1609 2218 dicuntur.

198 2252 416 2299 Occasum
439 2249 652 2298 heliacum
666 2287 677 2306 ,
707 2249 795 2298 sive
814 2249 1111 2315 vespertinum
1133 2259 1414 2314 apparentem
1448 2246 1614 2296 substi-

197 2328 411 2376 tuendum
433 2345 527 2375 esse
542 2364 554 2384 ,
585 2326 646 2374 ita
665 2338 717 2373 ut
736 2325 896 2374 festum
921 2324 1238 2382 celebraretur,
1262 2344 1400 2390 quum
1421 2325 1615 2392 primum

198 2404 339 2452 Sirius
361 2404 406 2450 in
430 2402 539 2450 caelo
563 2420 771 2468 apparere
790 2401 1003 2458 desierat,
1027 2420 1179 2449 omnes
1197 2401 1412 2449 viderunt.
1441 2399 1622 2450 Occasui

200 2479 314 2527 enim
327 2478 481 2527 sideris
494 2478 559 2525 vis
572 2477 815 2542 perniciosa
832 2477 877 2524 in
895 2476 1043 2538 fruges
1067 2476 1365 2533 tribuebatun
1388 2476 1474 2524 vid.
1497 2476 1612 2524 Plin.

202 2558 370 2613 XVIII,
381 2574 455 2622 29.
469 2556 542 2603 Ad
556 2555 727 2603 Petavii
740 2555 829 2602 tab.
846 2553 1183 2603 occiditheliace
1191 2556 1324 2603 Taur.
1342 2554 1407 2612 5⁰,
1424 2555 1539 2603 31=
1555 2555 1616 2602 28

206 2634 247 2682 d.
268 2633 411 2699 April.
437 2653 536 2681 eum
560 2652 648 2698 quo
675 2632 878 2681 convenit
901 2631 1014 2679 Plin.
1051 2631 1298 2680 Columella
1321 2632 1507 2698 adponit
1531 2633 1619 2681 diei

211 2711 284 2758 30.
304 2712 374 2758 Pr.
388 2710 485 2759 Kal.
502 2711 643 2759 Maias
660 2709 794 2758 Canis
812 2728 857 2758 se
870 2728 1047 2775 vespere
1060 2708 1194 2766 celan
1209 2721 1253 2758 et
1266 2710 1392 2771 Virg.
1412 2710 1573 2771 Georg.
1582 2711 1619 2767 I,
