1826 3054
1551 191 1589 208 w

266 312 625 384 PUBLII
685 312 1017 382 OVIDII
1065 312 1501 385 NASONIS

451 418 454 421 ’
533 466 1238 556 PASTORUM

464 644 760 700 LIBER
824 645 1299 714 QUINTUS.

183 1071 523 1154 QUAERITIS,
547 1091 663 1139 unde
684 1102 838 1157 putem
861 1091 985 1138 Maio
1011 1090 1112 1139 data
1132 1091 1314 1138 nomina
1335 1090 1506 1139 mensi?

242 1170 347 1216 Non
369 1168 476 1216 satis
498 1181 565 1217 est
587 1168 760 1235 liquido
781 1168 957 1231 cognita
980 1187 1110 1216 causa
1131 1168 1253 1216 mihi.

182 1246 246 1292 Ut
268 1257 379 1303 stat,
406 1258 448 1294 et
471 1246 663 1295 incertus
686 1266 770 1312 qua
790 1246 849 1294 sit
869 1246 955 1293 sibi
978 1245 1119 1294 nescit
1141 1245 1358 1301 eundum,

247 1323 398 1386 Quum
422 1323 540 1372 videt
560 1344 614 1372 ex
635 1324 756 1371 omni
778 1335 902 1389 parte
924 1323 1066 1371 viator
1087 1323 1193 1371 iter:

182 1399 278 1456 Sic,
305 1401 407 1466 quia
429 1420 560 1466 posse
582 1401 712 1449 datur
735 1401 929 1449 diversas
950 1400 1129 1448 reddere
1154 1419 1304 1449 causas
1318 1438 1330 1458 ‚
1577 1413 1597 1447 5

244 1477 346 1539 Qua
367 1477 502 1534 ferar,
529 1478 713 1540 ignoro3
739 1477 954 1544 copiaque
977 1478 1073 1543 ipsa
1097 1489 1239 1525 nocet.

178 1555 327 1604 Dicite
342 1594 355 1613 ‚
383 1576 478 1622 quae
499 1556 646 1605 fontes
671 1556 979 1622 Aganippidos
1003 1556 1334 1622 Hippocrenes,

247 1634 381 1682 Grata
403 1633 616 1682 Medusaei
642 1634 766 1696 signa
783 1633 941 1681 tenetis
966 1633 1080 1698 equi.

229 1773 347 1795 1-110.
373 1761 478 1795 Missa
500 1761 700 1807 praefatione
714 1787 723 1803 ‚
740 1762 857 1795 statim

184 1811 227 1845 de
238 1813 463 1848 Maiinotm‘ne
471 1813 570 1854 diem
582 1813 728 1860 resumit
739 1820 858 1847 autem

185 1870 220 1897 et
236 1863 335 1899 latius
353 1871 496 1908 tractat,
513 1866 606 1911 quod
621 1867 637 1900 1
651 1893 661 1909 ,
676 1869 712 1910 4¹
729 1893 738 1910 ,
751 1868 858 1901 verbo

186 1917 355 1962 tetigerat.
374 1917 569 1962 Quaestioni
585 1918 666 1953 huic
675 1933 857 1964 gramma-

185 1971 259 2005 ticae
283 1971 471 2015 plurimum
497 1971 671 2016 dignitatis
688 1980 723 2007 et
739 1973 857 2018 gratiae

186 2022 327 2058 addidit.
345 2023 463 2058 Musas
478 2024 614 2059 invocat
627 2050 636 2066 ,
655 2031 694 2059 ut
707 2025 769 2058 sibi
784 2038 858 2059 no-

186 2076 289 2110 minis
306 2089 443 2111 causam
464 2077 621 2123 aperiant
639 2103 648 2120 ,
670 2084 705 2111 et
718 2104 729 2120 ,
749 2090 860 2123 quum

187 2134 256 2162 tres
282 2129 499 2173 potissimum
522 2142 633 2165 causan
658 2129 859 2173 ferrentur,

186 2180 273 2225 ipsas
297 2180 418 2215 Musas
445 2181 539 2215 inter
559 2195 595 2216 se
621 2180 861 2216 dissentientes

188 2231 310 2278 fingit,
330 2240 363 2267 et
384 2240 454 2267 tres
472 2234 519 2267 ita
539 2232 690 2276 inducit,
716 2240 754 2267 ut
772 2246 861 2267 sen-

188 2286 333 2320 tentiam
355 2285 517 2331 deinceps
536 2285 675 2326 dicant;
701 2286 771 2330 ipse
790 2298 861 2320 au-

189 2343 260 2371 tem
269 2338 331 2372 sub
343 2337 451 2372 finem
469 2337 637 2383 judicium
654 2351 758 2373 suum
770 2338 862 2372 cohi-

189 2387 247 2422 bet
262 2401 270 2422 :
288 2389 332 2423 ita
345 2389 420 2424 loco
436 2389 516 2424 huic
533 2389 697 2424 dramatis
710 2389 861 2423 sormam

190 2437 294 2473 dedit.
306 2440 426 2475 Simile
439 2442 471 2475 ei
481 2448 531 2476 est
543 2441 724 2476 exordium
737 2441 861 2475 lile.

237 2504 264 2524 1.
279 2493 431 2534 Querin's
448 2518 455 2525 .
465 2518 489 2528 ..
506 2497 643 2528 mensi?
659 2493 717 2528 Sic.
732 2500 766 2527 et
782 2492 862 2527 alibi

190 2541 279 2575 viam
291 2542 352 2576 sibi
365 2543 484 2588 pandit
494 2545 535 2579 ad
548 2552 794 2591 argumentum
806 2544 862 2578 ali-

190 2593 284 2638 quod
301 2595 536 2638 tractandum;
555 2598 591 2632 11
611 2598 757 2631 Metam.
775 2599 836 2631 512
851 2622 861 2639 ,

191 2645 289 2679 Juno
300 2645 342 2680 ad
354 2646 447 2681 Deos
455 2649 607 2683 marinos
619 2675 628 2691 ,
645 2664 661 2678 «
676 2648 843 2693 Quaeritis
855 2674 865 2691 ,

195 2712 210 2723 u
228 2697 386 2732 aethereis
392 2711 497 2744 quare
506 2700 624 2747 regina
632 2701 793 2735 Deorum
803 2700 864 2735 Se-

922 1776 939 1791 »
959 1760 1059 1797 dibus
1074 1760 1142 1795 huc
1153 1760 1514 1806 adsim?»—L1·qu12do‚
1529 1775 1601 1797 cer·

921 1821 958 1848 to
969 1841 978 1858 ‚
997 1822 1035 1848 ut
1046 1815 1095 1859 nil
1112 1814 1336 1849 dubitationis
1350 1822 1465 1849 restet.
1481 1815 1600 1850 Etiam

922 1867 1079 1901 issam-ob.
1094 1868 1111 1902 l
1122 1893 1132 1910 ‚
1150 1867 1222 1901 Sat.
1244 1881 1281 1901 η
1291 1894 1300 1908 ,
1316 1866 1456 1910 fatetur,
1469 1866 1512 1902 de
1522 1880 1598 1901 no-

921 1920 1017 1954 mine
1029 1924 1117 1954 inter
1128 1926 1283 1954 auctores
1296 1922 1401 1954 latam
1414 1922 1600 1954 dezrsmsio-

921 1985 995 2005 nem
1011 1984 1146 2006 esse.-
1158 1970 1266 2016 Quod
1285 1972 1350 2014 IV,
1373 1972 1435 2016 784
1447 1997 1457 2014 ,
1482 1971 1601 2005 tenui-

923 2030 978 2057 ter
988 2022 1090 2066 dixit,
1104 2025 1139 2058 Τ
1133 2026 1216 2057 urba
1217 2023 1467 2068 sacitdubium‚
1481 2030 1600 2067 coepta-

922 2088 986 2120 que
998 2084 1113 2110 nostra
1127 2082 1236 2116 tenet,
1266 2075 1300 2110 id
1318 2089 1413 2110 nunc
1430 2076 1600 2110 similitu-

925 2127 1006 2161 dine
1022 2128 1170 2172 quadam
1188 2135 1331 2162 exornat
1348 2154 1358 2170 ,
1389 2128 1437 2161 Ut
1449 2134 1519 2162 stat
1534 2136 1599 2163 etc.

924 2197 968 2203 —
984 2179 1054 2213 Pro
1070 2193 1136 2223 qua
1150 2179 1205 2213 alii
1219 2192 1284 2223 quo
1296 2207 1304 2218 ‚
1321 2179 1467 2213 solemni
1485 2180 1599 2214 varie-

925 2237 1007 2264 tate.
1020 2232 1177 2264 -Posse
1190 2233 1297 2270 datur,
1315 2244 1371 2265 res
1384 2231 1460 2265 talis
1472 2239 1523 2266 est
1535 2258 1544 2275 ,
1561 2238 1602 2266 ut

926 2283 1052 2328 possim
1067 2298 1075 2323 ;
1092 2283 1232 2318 facultas
1247 2284 1332 2318 mihi
1350 2291 1412 2318 est.

972 2348 999 2380 7.
1032 2335 1182 2380 Pegasus
1199 2361 1209 2378 ,
1233 2349 1253 2370 e
1268 2336 1436 2380 sanguine
1452 2336 1601 2370 M-dusae

926 2394 1041 2428 ortus,
1061 2387 1137 2433 (IV
1155 2387 1301 2421 Metam.
1316 2388 1399 2432 784)
1415 2387 1603 2430 Ilippocm-

926 2451 987 2472 nen
1005 2439 1133 2483 ungula
1148 2439 1253 2484 rupit,
1278 2438 1365 2473 lbid.
1379 2438 1425 2481 V,
1442 2443 1516 2483 275.
1540 2440 1605 2474 In—

926 2498 1032 2536 terpr.
1049 2491 1186 2536 gallicus
1198 2492 1291 2526 hunc
1301 2491 1438 2525 sontem
1453 2499 1489 2526 et
1501 2493 1603 2537 Aga-

926 2545 1064 2586 m'ppida
1080 2543 1150 2586 (sic
1164 2543 1219 2577 ille
1232 2542 1248 2588 )
1264 2556 1329 2588 pro
1343 2543 1470 2577 eodem
1486 2543 1602 2580 habet.

927 2595 1044 2629 Immo
1060 2596 1236 2639 Agamppe
1258 2596 1344 2630 alius
1370 2595 1448 2630 sons
1471 2596 1602 2631 Musa-

927 2660 1006 2681 rum
1019 2654 1054 2681 et
1065 2647 1234 2692 Apollinis
1247 2648 1282 2681 in
1294 2647 1465 2683 Helicone
1477 2674 1487 2690 ,
1505 2648 1602 2692 isque

928 2699 971 2735 ad
986 2699 1169 2734 Musarum
1185 2699 1303 2734 lucum
1318 2699 1543 2734 tendentibus
1560 2699 1603 2732 ad
