1826 3054
526 189 919 234 FASTORUM
954 192 1085 236 LIB.
1130 194 1190 237 V.

1487 196 1571 241 323

224 285 363 349 Inque
385 301 466 331 suo
486 282 630 349 pretio
653 302 762 346 ruga
785 282 935 332 senilis
952 297 1055 333 erat.

162 360 318 408 Martis
340 377 456 425 opus
471 358 649 423 juvenes
662 395 675 417 ‚
696 358 983 426 animosaque
1003 358 1120 408 bella
1142 361 1380 423 gerebant;

225 439 284 487 Et
305 457 387 504 pro
413 437 480 486 dis
501 437 680 486 aderant
702 438 746 486 in
776 438 964 487 statione
987 438 1093 487 suis.
1529 459 1575 492 60

160 518 342 565 Viribus
363 515 438 564 illa
462 517 629 575 minor,
651 536 730 566 nec
750 517 967 565 habendis
985 517 1107 567 utilis
1128 519 1258 567 armis
1272 556 1285 577 ‚

225 592 422 641 Consilio
444 593 595 659 patriae
619 612 734 660 saepe
757 593 927 642 serebat
948 612 1076 660 opem
1098 614 1107 642 :

157 672 246 718 Nec
270 671 354 718 nisi
375 683 481 737 post
500 690 641 720 annos
666 671 813 738 patuit
838 682 943 718 tunc
969 672 1091 720 curia
1108 691 1255 730 seros;

219 749 392 796 Nomen
414 760 458 797 et
481 750 620 798 aetatis
642 749 747 798 mite
771 762 949 799 senatus
973 761 1078 798 erat.

154 888 234 908 rum
242 875 520 920 gravissimarum
529 876 673 911 scientia
679 889 753 911 non
763 876 831 911 nisi

156 927 324 962 diuturno
344 941 410 962 usu
428 929 621 975 comparari
641 936 788 974 poterat.
805 922 833 966 ὁ

155 982 212 1028 7²¹¹?
229 983 332 1028 χρέως
351 984 489 1025 δίδαγμα
504 982 717 1016 :waddonem
729 1007 739 1024 ,
758 981 835 1015 Eu-

156 1031 256 1076 ripid.
273 1031 472 1077 Belleropb.
490 1031 613 1077 fragm.
635 1047 688 1066 22.
706 1033 836 1068 Hone-

157 1084 343 1119 stissimum
358 1084 434 1128 ejus
446 1083 661 1119 domicilium
674 1084 835 1119 Lacedae-

158 1148 264 1170 mone
281 1143 376 1177 eran
396 1135 469 1171 Cic.
486 1136 624 1171 Senect.
645 1137 685 1170 18
696 1162 707 1180 ‚
723 1137 783 1171 ubi
799 1137 836 1171 id

159 1189 248 1234 agit,
266 1196 306 1223 ut
320 1189 507 1224 senectutis
522 1190 702 1225 honorata
714 1197 837 1225 aucto-

158 1242 297 1275 ritatem
304 1240 341 1275 iu
348 1240 836 1286 lucecollocetNostex-quum

159 1292 241 1326 dicit
259 1306 379 1327 canam
397 1298 500 1337 capa!
519 1300 556 1327 et
581 1306 666 1337 ruga
691 1295 829 1333 statvs,

160 1352 197 1379 ut
215 1352 316 1390 poeta
333 1351 368 1379 et
385 1357 404 1379 e
415 1357 524 1379 sensu
546 1344 638 1389 vulgi
658 1345 834 1389 loquitur;

162 1395 288 1431 Cicero
303 1403 425 1431 contra
440 1395 534 1431 dicto
547 1396 624 1431 loco
636 1423 646 1440 ‚
663 1403 704 1430 ut
719 1395 836 1441 philo-

158 1449 305 1495 sophus:
320 1463 338 1478 α
354 1449 435 1484 Non
456 1449 534 1484 cani
546 1475 556 1492 ,
573 1461 648 1483 non
664 1461 759 1493 rugae
776 1462 835 1483 re-

160 1515 176 1529 »
193 1507 299 1546 pente
319 1501 563 1535 auctoritatem
579 1501 733 1546 arripere
754 1513 836 1545 pos-

160 1567 177 1582 »
192 1559 276 1587 sunt
294 1578 305 1596 ,
329 1567 347 1582 ¹·
372 1552 433 1586 sed
463 1552 533 1587 vita
557 1552 717 1597 superior
744 1553 835 1587 bene

158 1604 481 1639 acta.Juventutem
493 1611 529 1638 et
539 1611 718 1639 senectam
727 1605 836 1639 etiam

160 1656 338 1691 Aristotel.
354 1656 540 1692 Polit.V11
550 1683 560 1700 ,
577 1670 616 1704 9,
630 1657 678 1691 sic
692 1669 837 1702 compa-

159 1716 236 1744 rat:
258 1714 272 1751 ἦ
293 1714 349 1754 μὲν
369 1713 497 1755 δύναμις
520 1712 550 1744 ἕν
570 1713 741 1759 utu-ripun
769 1714 784 1751 ἧ
805 1715 837 1746 δί

162 1764 300 1809 ςρένισις
311 1764 341 1796 ἕν
351 1764 554 1811 κρεσὸυτέροις
564 1764 656 1797 ἐστίν.
667 1761 756 1796 Inde
766 1761 836 1795 cui-

161 1825 228 1857 que
243 1825 304 1846 sua
320 1813 519 1848 tribuebant
534 1826 693 1848 munera.
714 1813 837 1858 Eurip.

162 1864 295 1899 Melan.
305 1865 427 1910 fragm.
441 1878 496 1909 17:
509 1869 640 1904 Παλαιὲς
651 1871 742 1905 αἶνος·
752 1860 837 1916 ἔργα

163 1922 217 1961 μὲν
235 1919 402 1966 »turipum-1,
421 1923 530 1953 Bautae*
545 1917 575 1952 δ’
590 1923 695 1963 ’ἔχουσι
712 1926 771 1954 τῶν
784 1936 838 1964 γε-

161 1973 306 2020 ραιτέρων
326 1971 441 2020 κράτη.
458 1988 503 1996 -
517 1970 562 2005 In
583 1974 678 2019 ’ἔρ-[εις
690 1979 766 2005 erat
778 1971 838 2006 in-

164 2022 284 2067 primis
301 2024 427 2056 Martis
440 2033 543 2066 opus,
562 2021 656 2067 quod
671 2022 777 2056 etiam
794 2023 841 2057 ab,

165 2076 326 2110 Homero
342 2069 446 2125 Α”ρεως
459 2079 541 2124 ἵργαν
555 2073 841 2109 ‹nestun—Ani-

163 2141 271 2168 mosa,
300 2127 360 2161 ubi
381 2126 508 2161 milites
525 2126 661 2161 animos
675 2139 755 2161 suos
774 2126 841 2161 de—

163 2180 305 2214 clarant.
321 2180 374 2215 Ut
395 2180 463 2215 hoe
483 2192 609 2215 eorum
630 2192 719 2224 opus
733 2192 838 2214 com-

165 2231 368 2276 mendaret,
383 2231 537 2266 addidit:
543 2245 608 2276 pro
626 2234 681 2266 dis
700 2235 843 2266 aderant

165 2291 200 2321 in
215 2289 357 2321 statione
371 2289 461 2326 sais,
478 2285 681 2331 pugnabant
694 2298 759 2330 pro
773 2286 841 2321 aris

166 2344 203 2372 et
222 2337 315 2373 focis.
337 2338 462 2377 Statio,
487 2337 606 2380 leem,
631 2337 691 2371 ubi
712 2337 840 2372 milites

166 2397 259 2424 stant
272 2391 348 2434 ejus
360 2389 573 2425 defendendi
588 2403 699 2425 causa.
710 2391 753 2425 In
765 2398 841 2425 sta-

168 2446 255 2477 tione
269 2442 375 2488 igitur
385 2445 505 2478 adesse
527 2440 586 2479 aut
606 2450 678 2487 est,
700 2451 740 2478 ut
754 2444 839 2479 Flo-

169 2508 229 2530 rus
238 2522 249 2538 ,
265 2495 300 2537 1,
317 2506 331 2530 1
342 2521 354 2538 ,
371 2498 410 2530 15
420 2521 431 2539 ,
447 2496 490 2531 de
501 2496 555 2532 his
566 2496 645 2542 ipsis
657 2497 842 2541 juvenibus

170 2547 234 2589 ait,
248 2561 266 2577 α
278 2545 322 2581 ad
336 2547 446 2582 subita
458 2548 539 2583 belli
548 2549 716 2583 excubare
726 2575 737 2593 ,
751 2564 769 2579 ›-
780 2556 842 2584 aut

170 2598 290 2632 latiore
305 2611 408 2633 sensu
418 2623 428 2642 ,
444 2599 533 2635 bella
548 2613 680 2645 gerere.

211 2651 266 2684 61.
282 2650 363 2686 Non
378 2651 494 2686 statim
509 2660 651 2699 apparet
661 2679 672 2696 ‚
690 2665 760 2697 quo
774 2665 841 2688 re-

169 2701 355 2736 serendum
369 2702 412 2737 sit
426 2715 622 2748 pronomen
631 2707 703 2740 illa.
717 2705 840 2749 Itaque

898 876 1161 911 Heinsiusvers.
1173 875 1334 922 sequenti
1343 877 1471 921 sepein
1481 881 1578 913 turba

898 929 1028 963 mutari
1053 929 1192 963 volebat
1209 955 1219 971 ,
1250 935 1310 962 aut
1334 929 1445 964 simile
1469 930 1553 974 quid
1569 944 1580 971 ;

898 980 1126 1015 Burmannus
1137 981 1301 1026 jacentus
1318 981 1393 1015 vult
1410 981 1578 1027 intelligi,

900 1034 994 1080 quod
1022 1034 1126 1069 lateat
1151 1034 1189 1069 in
1215 1047 1300 1070 voce
1312 1035 1459 1080 juvenes
1477 1047 1491 1077 ,·
1517 1033 1580 1070 sed

900 1085 1013 1131 lapsus
1030 1093 1102 1127 est;
1118 1086 1161 1120 de
1176 1093 1356 1122 senectute
1373 1087 1470 1122 enim
1485 1101 1582 1122 nunc

900 1145 952 1172 est
965 1151 1093 1173 sermo,
1105 1138 1314 1174 Taubuerus
1329 1139 1371 1173 ad
1385 1153 1501 1184 rugam
1516 1154 1582 1175 re-

900 1188 1033 1224 ferebat
1051 1190 1156 1235 paulo
1174 1190 1306 1225 durius.
1325 1191 1503 1236 Equidem
1518 1205 1582 1226 se-

900 1247 1084 1275 nectutem
1106 1241 1278 1286 intelligo,
1304 1242 1405 1286 cujus
1424 1241 1477 1276 vis
1499 1242 1585 1277 latet

899 1291 938 1324 in
948 1304 1042 1335 ruga.
1058 1310 1104 1318 —
1117 1294 1310 1334 Habeaazr,
1329 1293 1527 1328 tractandis.
1538 1311 1585 1321 —-

903 1344 1056 1377 conseris
1067 1350 1132 1378 etc.
1143 1342 1259 1378 Cicer.
1265 1343 1406 1380 Senect.
1415 1346 1453 1379 6:
1465 1360 1482 1375 ιε
1490 1345 1586 1381 Con-

901 1407 920 1423 »
934 1393 1251 1439 silio‚auctoritate,
1263 1397 1438 1431 sententia
1447 1410 1503 1432 res
1512 1410 1584 1433 ma-

901 1460 923 1477 »
939 1458 1017 1491 gnae
1033 1453 1205 1491 geruntur
1218 1473 1229 1490 ,
1246 1447 1372 1492 quibus
1387 1461 1462 1483 non
1474 1449 1585 1485 modo

901 1513 920 1530 υ
935 1512 1008 1534 non
1027 1501 1143 1535 orbari
1155 1527 1166 1544 ,
1183 1501 1247 1535 sed
1263 1502 1371 1537 etiam
1390 1504 1510 1549 augeri
1525 1517 1586 1539 se-

901 1566 921 1582 »
936 1559 1060 1587 nectus
1074 1553 1174 1587 solet.
1185 1554 1323 1588 »Adde
1336 1556 1469 1601 reliqua
1481 1583 1492 1599 ‚
1505 1558 1587 1602 qui-

900 1604 966 1639 bus
983 1605 1107 1649 docet,
1128 1607 1294 1642 maximas
1312 1608 1522 1653 respublica
1541 1610 1584 1644 ab

901 1656 1177 1692 adolescentibus
1192 1671 1264 1694 esse
1278 1659 1478 1704 labefactas,
1494 1674 1514 1696 a
1529 1675 1584 1700 se†

902 1710 1006 1745 nibus
1023 1717 1241 1756 sustentatas.

945 1762 1000 1806 64„
1018 1762 1170 1799 Senatus
1194 1763 1307 1798 dictus
1324 1770 1378 1798 est
1397 1777 1418 1798 a
1436 1766 1584 1801 nomine

901 1818 995 1848 mitis
1004 1842 1015 1855 ‚
1028 1815 1103 1851 sive
1115 1823 1263 1850 matura
1273 1817 1392 1852 aetatis.
1408 1818 1585 1855 Juventus

901 1875 955 1902 est
953 1868 1108 1913 fervida,
1123 1877 1284 1905 senectus
1294 1873 1410 1914 mitis,-
1426 1872 1495 1907 XV
1504 1873 1583 1908 Me-

901 1927 986 1955 tam.
1001 1933 1069 1969 ²⁰9
1082 1933 1091 1956 :
1104 1935 1123 1954 α
1138 1922 1275 1967 Excipit
1286 1930 1497 1969 autumnus,
1515 1938 1582 1971 po-

904 1987 923 2002 »
935 1973 1004 2007 sito
1013 1972 1150 2008 fervore
1160 1974 1332 2019 juventae,
1347 1975 1512 2012 Maturus
1520 1978 1583 2012 mi-

905 2037 925 2053 »
940 2024 1053 2070 tisqne
1063 2050 1075 2068 ‚
1087 2024 1182 2059 inter
1193 2026 1430 2072 juvenemque
1439 2041 1584 2064 senem-

907 2089 925 2105 n
940 2088 1007 2120 que
1015 2076 1204 2122 Temperie
1211 2077 1359 2113 medius.
1367 2094 1385 2109 ›-
1393 2079 1584 2128 Dionysius

906 2125 1084 2161 Halicam.
1107 2128 1145 2163 11
1156 2154 1167 2171 ,
1189 2142 1229 2163 12
1240 2155 1252 2172 ‚
1274 2129 1451 2166 incertum
1474 2132 1585 2166 relin-

906 2180 981 2225 quit
991 2206 1001 2223 ‚
1019 2175 1140 2215 utwm
1154 2181 1199 2216 ob
1213 2190 1433 2219 senectutem
1445 2211 1456 2228 ‚
1477 2198 1522 2220 an
1538 2186 1584 2221 ob

905 2233 1072 2268 virtutem
1089 2239 1244 2282 γερουσίας
1258 2235 1329 2270 sive
1348 2242 1488 2271 senatus
1508 2249 1584 2271 no-

905 2299 990 2321 men
1018 2286 1213 2342 acceperim
1237 2299 1314 2322 non
1338 2288 1388 2323 ita
1411 2289 1584 2324 dubitavit

908 2338 1036 2375 Cicero
1046 2339 1188 2375 Senect.
1199 2341 1223 2375 6
1236 2353 1246 2376 z
1259 2355 1278 2372 κ
1296 2341 1493 2377 Consilium
1501 2369 1513 2385 ,
1528 2355 1586 2378 ra—

908 2406 926 2422 »
942 2392 992 2427 tio
1004 2418 1014 2435 ,
1034 2391 1209 2427 sententia
1223 2393 1290 2427 nisi
1305 2401 1420 2428 essent
1438 2394 1477 2429 in
1491 2395 1585 2429 seni-

908 2458 926 2474 »
942 2444 1007 2478 bus
1016 2470 1027 2487 ,
1042 2456 1116 2478 non
1127 2456 1308 2479 summum
1317 2445 1499 2480 consilium
1512 2459 1584 2481 ma-

908 2511 927 2527 »
943 2497 1036 2541 iores
1045 2496 1157 2531 nostri
1172 2497 1398 2542 appellmsent
1409 2505 1584 2540 senatum.

908 2563 927 2579 ι»
944 2548 1050 2593 Apud
1073 2548 1355 2585 Lacedaemonio·
1373 2550 1517 2596 quidem
1533 2553 1561 2587 'ii
1573 2579 1583 2596 ,

909 2616 927 2632 ιο
944 2601 1005 2646 qui
1015 2601 1266 2647 amplissimum
1278 2603 1519 2649 magistratum
1528 2618 1585 2650 ge·

909 2666 927 2682 ι·
944 2659 1051 2696 runt,
1074 2659 1114 2687 ut
1134 2660 1238 2697 sunt,
1262 2655 1311 2690 sic
1331 2656 1436 2690 etiam
1458 2657 1584 2696 nomi—

908 2718 928 2735 »
945 2711 1078 2739 nantur
1087 2717 1197 2741 senes.
1214 2720 1236 2736 ²·
1250 2706 1309 2751 sie
1324 2714 1360 2742 et
1376 2707 1584 2743 Plutarchus
