1826 3054
533 220 936 265 PASTORUM
978 222 1109 266 LIB.
1155 224 1250 267 IV.

1511 227 1597 269 315

241 317 367 364 Tunc
387 324 580 380 repetam
598 333 608 371 ;
632 332 750 362 nunc
772 333 842 362 me
866 313 1079 378 grandius
1100 326 1229 378 urget
1252 333 1379 381 opus.

178 391 335 440 Aufert
355 392 489 439 Vesta
513 390 627 439 diem
647 412 657 439 :
683 402 876 454 cognato
898 392 1034 440 Vesta
1054 403 1230 458 recepta
1250 403 1318 439 est

243 468 411 517 Limine
432 488 442 515 :
462 468 524 516 sic
542 468 652 533 jussi
675 467 943 517 constituere
965 479 1124 534 patres.

1529 483 1598 528 950

180 545 377 593 Phoebus
399 543 534 592 habet
556 555 751 610 partem;
776 546 920 593 Vestae
940 564 1044 610 pars
1065 543 1200 593 altera
1222 545 1354 593 cessit
1374 564 1384 591 ε

244 621 379 685 Quod
405 633 606 688 superest
627 621 740 680 illis,
762 622 918 671 tertius
939 622 1033 689 ipse
1057 634 1188 671 tenet.

179 699 297 746 State
318 697 526 747 Palatinae
549 698 700 748 laurus
715 737 727 755 ‚
751 712 1046 766 praetextaque
1071 719 1236 767 quercu

243 775 339 823 Stet
361 776 520 825 domus
539 796 548 824 z
569 789 756 825 aeternos
778 789 867 826 tres
887 777 1024 826 habet
1046 797 1135 826 una
1157 778 1291 826 Deos.

176 927 219 934 —
233 910 368 943 Sacrum
390 910 520 945 habent
534 911 762 953 venusam-en
781 924 855 947 οε·-

176 962 243 996 teri
247 961 387 1004 festum.

220 1014 296 1059 949.
324 1014 434 1047 Anno
448 1026 482 1047 u.
493 1027 523 1048 c.
539 1017 597 1059 74¹
616 1041 626 1058 ,
643 1014 700 1050 die
715 1015 737 1049 6
753 1015 855 1049 Mar-

177 1064 235 1107 tii,
259 1066 406 1110 Augusti
424 1066 531 1101 titulis
549 1065 662 1101 hono·
679 1067 855 1112 pontificis

176 1117 320 1152 maximi
336 1118 498 1159 act-essin
516 1118 573 1154 III
586 1145 596 1162 ,
613 1121 676 1163 415
691 1133 766 1165 sqq.
783 1118 856 1154 Sed

178 1182 288 1214 quum
303 1170 351 1205 ita
367 1177 455 1205 esset
469 1171 686 1215 institutum,
704 1179 744 1207 ut
757 1185 856 1218 pon—

178 1222 261 1256 tifex
269 1224 438 1258 maximus
446 1223 484 1258 in
496 1223 603 1258 domo
613 1223 749 1269 publica
758 1224 855 1270 juxta

180 1274 324 1309 Vestam
339 1275 531 1320 habitaret,
550 1276 727 1322 Augustus
740 1276 857 1322 palatii

178 1325 231 1360 sui
247 1333 383 1371 partem
398 1327 570 1372 publicam
586 1340 658 1362 esse
673 1327 794 1372 jussit,
808 1333 857 1361 at·

179 1392 247 1423 que
267 1380 383 1414 Vesta
400 1379 467 1415 hoe
484 1379 541 1415 die
561 1379 733 1415 dedicavit
748 1394 759 1421 ;
784 1379 855 1414 Dio

180 1428 320 1465 Cassius
333 1457 343 1473 ‚
361 1431 458 1475 LIV,
475 1445 515 1476 ²7
529 1444 538 1466 ε
553 1431 632 1466 vide
648 1438 684 1466 et
697 1431 855 1477 Lipsium

178 1479 222 1515 de
231 1482 338 1516 Vesta
348 1508 359 1525 ‚
375 1495 449 1528 cap.
462 1483 695 1529 4.—Ausett‚
709 1484 773 1518 sibi
782 1484 857 1518 vin·

177 1532 278 1568 dieat.
288 1553 332 1560 —
345 1535 509 1579 Cognato,
527 1535 620 1580 quod
633 1535 804 1571 Arondel.
819 1544 856 1572 et

177 1592 328 1630 quatuor
343 1586 399 1621 alii
412 1593 605 1632 agnoscunt
615 1612 625 1629 ,
642 1587 752 1632 magis
764 1601 857 1633 poe-

176 1637 284 1672 ticum
293 1645 358 1682 est,
366 1652 472 1684 quam
482 1639 702 1686 reliquorum
712 1645 858 1684 cognati.

178 1688 310 1724 Lucem
322 1698 440 1725 autem
453 1690 522 1726 hoc
533 1691 715 1737 epitheton
733 1692 857 1738 accipit

178 1756 220 1778 ex
233 1745 308 1789 111,
330 1748 393 1790 425
406 1758 416 1780 :
431 1761 448 1776 α
461 1745 575 1782 Ortus
589 1747 632 1782 ab
648 1748 764 1783 AEnea
778 1754 860 1782 tan-

181 1809 200 1825 »
218 1797 267 1841 git
283 1805 429 1844 cognata
438 1800 600 1836 sacerdos
612 1801 770 1837 Numina
781 1814 790 1836 :
800 1814 859 1850 co-

182 1863 200 1878 »
219 1857 363 1895 gnatum
377 1877 387 1894 ‚
417 1851 546 1896 Vesta,
572 1860 672 1889 tuere
701 1862 820 1900 caput.
840 1870 858 1885 »

182 1898 361 1935 Plurimus
377 1914 449 1936 esse
472 1902 583 1938 voluit
598 1912 702 1950 poeta
723 1906 761 1941 in
781 1907 859 1941 lau-

182 1949 300 1985 dando
322 1952 492 1998 Augusto.
506 1971 549 1980 ·—
569 1956 775 1991 Constituere
782 1970 859 2002 pa—

181 2009 271 2045 tres,·
293 2002 425 2038 factum
444 2005 541 2039 enim
553 2004 621 2040 hoc
638 2019 679 2040 ex
693 2015 859 2043 senatus—

182 2055 366 2097 consulum
394 2057 541 2092 Verrius
564 2057 608 2092 ad
625 2057 720 2094 hunc
742 2059 859 2096 diem:

184 2122 202 2136 α
223 2107 335 2143 Feriae
350 2122 392 2143 ex
409 2109 447 2144 S.
469 2109 513 2145 C.
528 2110 624 2156 quod
639 2124 683 2146 eo
699 2111 755 2147 die
771 2112 863 2148 εδδ

185 2174 203 2189 »
221 2167 257 2195 et
274 2162 389 2196 Vestae
412 2162 450 2196 in
468 2162 576 2197 domu
602 2163 691 2208 Imp.
716 2163 862 2199 Casan-is

187 2226 204 2242 ν
224 2212 313 2258 Aug.
339 2213 511 2259 pontificis
541 2215 683 2250 maximi
704 2215 863 2251 dedicata

920 926 939 941 »
957 918 1010 946 est
1037 911 1207 956 Quirinio
1229 917 1264 946 et
1281 910 1409 957 Valgio
1424 923 1509 945 coss.
1525 924 1544 940 ιι
1560 928 1604 937 --

919 963 992 998 Pro
1009 964 1111 1008 jussi
1130 969 1247 1007 patres
1277 961 1444 997 undecim
1473 961 1606 996 habent

909 1016 1012 1060 jussi
1020 1028 1136 1055 senes,
1162 1015 1263 1049 multi
1275 1015 1371 1058 justi
1386 1027 1491 1048 senes.
1513 1013 1603 1048 Inde

919 1065 1216 1101 Mitscherliehius
1233 1078 1340 1111 quem
1354 1065 1528 1100 Gesenius
1539 1077 1603 1098 se-

920 1125 1020 1154 cutus
1029 1126 1081 1154 est
1092 1145 1102 1163 ,
1109 1120 1330 1164 justipatres.
1339 1118 1516 1163 Equidem
1530 1130 1604 1152 non

921 1171 1031 1205 ausim
1042 1171 1170 1214 dicere,
1184 1177 1304 1205 utrum
1316 1170 1433 1205 verius
1445 1184 1455 1212 ;
1469 1170 1605 1204 etenim

920 1229 1022 1267 poeta
1034 1229 1069 1257 et
1079 1235 1278 1258 memorare
1289 1222 1404 1268 potuit
1414 1248 1424 1265 ‚
1438 1229 1557 1267 patres
1567 1221 1603 1256 id

911 1275 1035 1320 [assos
1056 1275 1174 1311 secisse
1189 1302 1199 1319 ‚
1225 1282 1263 1310 et
1278 1275 1421 1310 laudare
1446 1282 1564 1321 patres
1584 1287 1605 1309 a

920 1327 1062 1371 justitia.
1072 1346 1117 1354 —
1126 1330 1274 1363 phebus
1288 1329 1393 1362 habet
1398 1335 1530 1372 partem
1543 1355 1552 1369 ‚
1568 1328 1606 1363 in

921 1378 985 1412 alia
997 1378 1111 1424 palatii
1127 1386 1225 1425 parte
1238 1379 1411 1425 templum
1426 1385 1479 1414 est
1495 1379 1607 1425 Apol—

920 1429 999 1465 linis
1014 1430 1187 1474 Palatini,
1211 1431 1306 1477 quod
1322 1432 1428 1478 longe
1446 1432 1605 1467 celeber-

919 1483 1077 1525 rimum;
1103 1483 1184 1519 vide
1204 1484 1453 1530 Propertium,
1474 1485 1532 1528 11,
1552 1486 1604 1519 23.

919 1553 965 1560 -
980 1535 1036 1570 De
1056 1538 1163 1570 laum
1184 1543 1222 1571 et
1238 1550 1363 1571 coma-a
1383 1550 1509 1582 querna
1523 1544 1606 1571 ante

921 1587 1015 1622 sores
1024 1588 1159 1633 palatii,
1178 1589 1195 1624 Ι
1207 1614 1218 1630 ,
1235 1589 1258 1624 6
1265 1590 1313 1633 14.
1322 1591 1542 1624 —Pretesta
1552 1588 1611 1623 di-‚

921 1647 1019 1675 ctum
1042 1647 1081 1675 ut
1106 1642 1163 1684 V,
1183 1641 1245 1688 557
1266 1654 1275 1676 ε
1293 1656 1311 1671 κ
1331 1641 1491 1686 Augusto
1507 1653 1607 1687 pra—

924 1705 943 1721 »
962 1698 1096 1725 textum
1112 1692 1258 1726 nomine
1275 1692 1459 1737 templum.
1477 1707 1494 1722 ›·
1512 1692 1606 1738 Quae

923 1743 1021 1777 enim
1038 1743 1075 1777 in
1087 1743 1263 1778 anteriore
1279 1750 1376 1789 parte
1388 1750 1513 1778 ornata
1523 1750 1608 1778 sunt

923 1795 1086 1840 aliquare
1097 1822 1108 1839 ‚
1119 1802 1331 1840 eapraetetta
1343 1795 1529 1837 dicuntum
1547 1795 1611 1831 Se-

923 1861 1010 1883 neca
1022 1875 1032 1892 ,
1061 1848 1150 1893 Epp.
1168 1849 1213 1895 89
1228 1860 1238 1881 :
1253 1861 1272 1877 σι
1289 1847 1498 1882 fluminum
1513 1847 1606 1894 ripas

926 1916 945 1932 ²·
964 1901 1108 1937 aedificia
1121 1907 1327 1947 praetexunt.
1340 1915 1357 1930 ν
1375 1900 1509 1936 Plinius
1521 1926 1532 1944 ,
1545 1913 1609 1946 pa·

923 1967 1047 2002 negyr.
1064 1956 1106 1989 52
1119 1981 1130 1998 ,
1151 1969 1163 1989 1
1182 1967 1191 1989 ε
1207 1969 1224 1983 «
1241 1953 1396 2000 postibus
1410 1953 1572 1999 praetexi;
1588 1966 1607 1982 ν»

925 2007 969 2043 de
977 2007 1017 2043 iis
1024 2034 1035 2051 ,
1050 2019 1203 2053 quorum
1211 2013 1334 2042 statua
1342 2012 1423 2044 ante
1432 2005 1527 2040 fores
1535 2004 1605 2040 col-

916 2054 1085 2095 'looentur
1101 2073 1112 2095 ε
1128 2059 1208 2095 vide
1226 2059 1274 2094 ibi
1291 2058 1542 2096 Schwarzium.
1560 2077 1605 2083 —

925 2113 1081 2147 Μετεω-
1099 2115 1197 2149 Deos
1212 2125 1225 2154 ,·
1249 2113 1306 2149 ΠΙ
1319 2139 1330 2157 ,
1356 2114 1418 2156 421
1441 2125 1451 2146 ε
1468 2113 1608 2156 Ignibus

926 2167 1058 2199 elem&
1072 2169 1191 2200 eterni
1200 2169 1340 2201 numina
1352 2170 1505 2210 presunt
1528 2165 1607 2199 Ce-

925 2219 1016 2251 sar-is
1029 2243 1039 2256 ‚
1066 2217 1125 2252 ubi
1140 2217 1219 2254 vide
1233 2225 1364 2254 notam.
