1826 3054
572 214 756 259 FAST
772 215 983 259 ORUM
1024 216 1155 258 LIB.
1190 215 1281 259 VI.

280 308 437 357 Idibus
459 307 632 356 Invicto
656 319 760 354 sunt
782 307 880 357 data
900 306 1063 373 templa
1083 307 1201 355 Jovi.

1550 214 1638 274 439

1568 322 1635 356 6:50

214 386 274 432 Et
297 385 385 449 jam
408 383 718 449 Quinquatrus
740 383 900 447 jubeor
923 402 1097 430 narrare
1120 383 1310 431 minores

279 463 406 510 Nunc
431 461 533 509 ades
553 462 606 508 6!
632 460 813 526 emptis,
837 459 946 507 ssava
968 460 1194 515 Minerva,
1219 459 1341 508 meis.

217 540 309 588 Cur
332 559 471 602 vagus
493 538 656 587 incedit
681 550 774 585 tota
798 537 961 585 tibicen
985 537 1031 584 in
1053 537 1199 584 urbe?

280 615 405 678 Quid
430 615 517 663 sibi
543 633 766 681 personae,
792 614 899 681 quid
922 613 1036 662 stola
1059 613 1211 676 longa,
1233 612 1425 661 volunt?

215 691 286 740 Sic
312 711 421 754 ego3
446 693 507 740 sic
532 693 679 759 posita
702 693 905 740 Tritonia
929 692 1110 758 cuspide
1133 692 1275 750 dixit3

1570 704 1636 738 655

280 771 390 818 Pace
415 770 544 819 velim
567 771 708 819 doctae
729 771 860 819 verba
879 770 1037 818 referre
1064 770 1178 817 deae:

212 848 513 913 Temporibus
536 861 730 897 veterum
755 848 950 896 tibicinis
973 867 1082 896 usus
1105 865 1287 895 avorum

279 928 496 989 Magnus,
522 939 564 975 et
586 928 633 974 in
658 946 819 989 magno
844 944 1016 991 semper
1036 925 1206 974 honore
1225 923 1323 972 suit.

214 1004 432 1052 Cantabat
455 1004 592 1061 fanis,
617 1005 822 1052 cantabat
843 1004 951 1052 tibia
975 1002 1119 1051 ludis:

213 1115 333 1148 ducere
344 1114 531 1149 invexerat.
547 1115 610 1149 Est
629 1115 772 1160 quidem
785 1117 888 1150 duce-

214 1178 248 1198 te
261 1173 374 1200 nolam
388 1167 536 1201 formula
551 1168 649 1202 obvia
660 1195 669 1210 ‚
686 1167 746 1202 sed
763 1167 829 1203 hoc
844 1168 891 1201 lo-

212 1229 254 1251 co
271 1231 411 1252 sensum
430 1232 502 1253 non
522 1219 626 1254 habet
639 1219 890 1254 commodum:

213 1270 371 1302 revocavi
387 1270 492 1315 igitur
500 1273 616 1309 dt'ccre,
628 1271 721 1315 quod
731 1279 765 1306 et
775 1272 889 1305 Taub·

213 1332 319 1354 uerus
335 1322 514 1364 probavit,
528 1329 563 1356 et
576 1322 701 1356 Krebs.
714 1323 890 1367 expressit.

255 1371 333 1406 650.
345 1373 463 1406 Idibus
472 1375 587 1407 Juniis
597 1386 614 1407 e.
620 1376 722 1407 tJovi
728 1378 819 1407 oedes
829 1376 888 1407 de-

210 1425 345 1463 dicata,
366 1430 401 1457 et
422 1426 646 1469 Quinquatrus
660 1429 804 1460 minores
824 1438 888 1459 ce-

209 1477 387 1509 lebrantur.
425 1476 606 1521 Quoniam
638 1480 735 1512 Jovis
767 1479 894 1512 Inuicti

210 1527 382 1571 templum
399 1529 536 1562 nullum
560 1543 580 1563 a
600 1530 775 1564 veteribus
790 1542 889 1564 com-

209 1587 444 1623 memoratur,
458 1589 642 1626 propterea
657 1581 800 1627 Neapol.
816 1594 889 1615 mo-

210 1638 291 1675 net,
315 1633 445 1666 Iuvit-lo
469 1646 566 1668 nunc
588 1647 660 1668 esse
685 1635 865 1680 epitheton
876 1661 887 1678 ‚

210 1695 284 1716 non
300 1696 509 1728 cognomen.

253 1736 329 1770 651.
345 1738 401 1772 De
418 1740 679 1784 Quinquatribus
698 1739 889 1783 majoribus

210 1787 289 1822 vide
303 1789 356 1824 ΙΙΙ
365 1816 375 1833 ,
386 1792 470 1837 809;
484 1791 527 1825 de
536 1790 588 1826 his
599 1791 794 1826 minoribus
803 1791 890 1826 Var-

210 1851 252 1873 ro
262 1865 271 1882 ,
283 1839 325 1874 de
338 1841 436 1886 Ling.
447 1843 521 1877 Lat.
534 1842 591 1877 lib.
602 1843 634 1875 V
645 1857 654 1878 :
664 1858 681 1873 «
697 1843 890 1888 Quinqua-

214 1904 232 1920 κ
250 1897 324 1925 trus
338 1892 540 1927 minusculae
555 1894 655 1929 dictae
670 1895 694 1929 J
699 1895 788 1930 uniae
806 1894 890 1929 ldus

214 1957 231 1972 >a
250 1943 292 1977 ab
315 1944 540 1979 similitudine
566 1947 765 1990 majorum,
795 1946 889 1992 quod

214 1995 407 2030 »tibicines
435 2003 511 2030 tum
533 1996 645 2031 feriati
675 2011 738 2042 per
764 2000 890 2034 urbem

214 2061 232 2077 ν
249 2055 435 2092 vagantur,
454 2049 714 2085 etconveniunt
724 2050 766 2084 ad
777 2052 890 2085 edem

214 2113 232 2128 »
250 2099 432 2134 Minervae.
450 2114 467 2129 υ
485 2101 608 2135 Festus
623 2114 631 2136 :
650 2116 668 2131 κ
683 2103 891 2137 Minusculae

213 2166 232 2182 ι»
253 2152 498 2198 Quinquatrus
521 2155 786 2200 appellabantur
809 2156 892 2191 Idus

214 2219 232 2234 »
252 2204 392 2248 Juniae,
421 2206 515 2251 quod
542 2207 568 2241 is
594 2207 666 2242 dies
684 2206 793 2243 festus
817 2215 892 2243 erat

213 2272 231 2289 n
249 2259 430 2293 tibicinum
444 2286 455 2304 ,
485 2261 546 2306 qui
566 2261 767 2296 hliuervam
790 2262 893 2298 cole-

216 2324 236 2341 »
252 2310 346 2345 bant.
365 2326 382 2340 n

258 2362 427 2410 653-692.
444 2364 531 2399 Haec
550 2363 594 2399 de
610 2364 792 2400 tibicinum
814 2365 893 2400 dis-

216 2427 314 2452 cessu
328 2422 364 2450 et
377 2415 493 2450 reditu
511 2417 671 2451 similiter
684 2418 792 2452 refert
808 2418 895 2452 Plu-

218 2466 378 2510 tarchus,
398 2467 533 2512 Quaest.
549 2469 701 2503 Reman.
726 2482 800 2515 pag.
821 2483 894 2504 122.

218 2519 332 2555 Paulo
346 2521 445 2556 aliter
459 2522 577 2557 Livius
587 2549 597 2566 ,
617 2523 669 2557 lx
682 2550 691 2565 ,
704 2523 749 2557 30
759 2549 769 2566 ,
782 2523 817 2556 in
835 2535 895 2557 re-

212 2571 285 2607 bus
299 2586 393 2607 anno
408 2587 443 2609 u.
457 2588 487 2610 c.
502 2575 567 2619 443
581 2575 681 2620 gestis
691 2601 699 2617 ‚
718 2582 755 2609 et
776 2574 893 2609 Vale-

222 2625 295 2660 rius
308 2626 482 2661 Maximus
493 2653 504 2670 ,
521 2627 558 2661 11
568 2653 578 2670 ‚
596 2628 792 2670 5.-—Vagus
809 2630 894 2661 ince-

214 2680 285 2719 dit,·
303 2684 341 2715 et
358 2678 473 2712 Varro
487 2685 524 2713 et
540 2678 657 2714 Livius
674 2678 805 2713 habent
816 2704 825 2721 ,
834 2691 899 2722 per

215 2732 327 2765 urbem
338 2730 689 2777 vagantem—Quum
705 2730 804 2767 MSS
823 2737 898 2766 tam

954 1120 1034 1159 toga
1045 1141 1054 1152 .
1078 1126 1183 1159 quam
1203 1115 1295 1147 stola
1308 1114 1409 1156 longa
1426 1109 1612 1156 praeferant
1627 1135 1635 1151 ,

955 1168 1100 1213 Neapol.
1117 1167 1201 1201 illud
1216 1174 1356 1207 tuetur,
1375 1166 1453 1209 quia
1470 1172 1548 1207 toga
1565 1176 1635 1197 an-

955 1219 1099 1264 tiquitus
1114 1218 1219 1252 suerit
1234 1219 1336 1252 vestis
1353 1218 1458 1252 etiam
1477 1216 1634 1250 semina-

954 1284 1034 1305 rum
1047 1298 1056 1313 ‚
1070 1278 1105 1305 et
1119 1270 1278 1304 additum
1287 1283 1359 1304 esse
1372 1273 1486 1311 longa-
1508 1276 1546 1301 ut
1558 1281 1636 1301 ma-

956 1323 1099 1358 tronalis
1114 1322 1369 1368 significaretur
1392 1334 1400 1355 :
1423 1320 1483 1355 sed
1510 1321 1634 1354 Hein-

955 1375 1024 1409 sius
1048 1376 1175 1408 rectius
1202 1387 1220 1408 e
1246 1374 1438 1407 Zulichem.
1464 1371 1634 1405 Mazarin.

955 1428 1126 1462 Patavino
1139 1454 1148 1469 ,
1165 1426 1301 1460 duobus
1319 1426 1538 1460 Farnesianis
1554 1430 1635 1458 slo-

954 1483 991 1514 Iu
1004 1481 1145 1525 recepit.
1163 1478 1372 1515 Plutarchus
1384 1480 1510 1517 ἐσθῆτας
1521 1493 1635 1520 γυναι·-

955 1538 1041 1571 ming
1058 1531 1160 1566 habet
1172 1558 1181 1574 ,
1200 1540 1235 1566 el:
1253 1532 1355 1576 paulo
1373 1538 1450 1576 post
1467 1535 1494 1563 ἐν
1514 1531 1637 1564 ‘'cefff-m

956 1585 1089 1623 Sca-frea&
1108 1590 1160 1618 xxi
1174 1600 1369 1628 γυναικεικις.
1386 1582 1514 1616 lsselius
1530 1581 1636 1625 igilur

954 1635 1020 1670 hoc
1042 1636 1115 1671 loco
1141 1636 1243 1670 vestis
1269 1642 1487 1669 memoratur
1510 1634 1639 1668 mulie-

940 1689 1051 1722 .ribus
1067 1688 1207 1734 propria
1221 1714 1230 1731 ‚
1254 1694 1290 1722 et
1314 1689 1350 1721 in
1369 1687 1506 1721 theatro
1529 1686 1636 1721 etiam

956 1740 1173 1780 tibicinibus;
1187 1741 1241 1775 XI
1253 1740 1342 1774 Met.
1364 1739 1424 1773 165
1440 1752 1524 1783 sqq;
1548 1738 1635 1772 Ho-

956 1799 1020 1826 rat.
1032 1793 1109 1827 Art.
1124 1793 1223 1827 Poet.
1239 1792 1415 1826 axa—De
1424 1792 1562 1834 cuspide
1569 1803 1635 1833 po-

955 1849 1025 1880 sita
1041 1845 1096 1880 Ill
1108 1870 1118 1887 ‚
1137 1846 1301 1889 7.—Pace
1314 1846 1431 1885 velim,·
1448 1844 1495 1878 sic
1511 1843 1635 1894 Heius.

955 1913 997 1934 ex
1028 1911 1102 1933 uno
1127 1898 1299 1932 Vaticano
1316 1910 1324 1932 ε
1341 1897 1443 1942 vulgo
1457 1923 1467 1940 ‚
1495 1899 1636 1931 Possem

954 1955 1083 1986 utinam
1096 1977 1104 1991 ,
1126 1961 1224 1996 aeque
1239 1948 1538 1984 bene—Plurimi
1549 1962 1557 1983 :
1567 1962 1637 1993 pa·-

955 2010 1017 2037 ctae
1033 2005 1111 2036 deae.

1011 2054 1086 2088 558.
1103 2055 1225 2088 Honor
1245 2053 1301 2087 ille
1326 2053 1391 2088 fuit
1409 2066 1451 2088 ex
1476 2054 1636 2089 instituto

956 2106 1085 2140 Numae
1101 2106 1278 2152 religionis
1289 2119 1389 2141 causa
1403 2120 1411 2148 ;
1431 2106 1637 2142 Plutarchus

956 2158 1050 2193 dicto
1067 2159 1164 2193 loco:
1182 2159 1290 2194 Anno
1308 2173 1340 2193 u.
1357 2174 1385 2194 c.
1405 2160 1489 2203 443,
1508 2175 1525 2189 «
1546 2161 1635 2194 tibi-

959 2225 978 2241 »
998 2211 1091 2245 ciues
1112 2237 1121 2253 ,
1154 2211 1214 2256 qui
1239 2211 1404 2256 prohibiti
1431 2224 1450 2245 a
1472 2211 1636 2257 proximis

958 2278 978 2294 »ι
996 2263 1198 2298 censoribus
1215 2271 1317 2298 erant
1332 2263 1368 2297 in
1385 2263 1458 2298 aede
1471 2263 1570 2298 Jovis
1580 2277 1635 2298 ve-

958 2330 978 2346 »
997 2316 1057 2359 sci,
1070 2315 1164 2360 quod
1174 2315 1343 2350 traditum
1351 2315 1541 2360 antiquitus
1548 2323 1635 2359 erat,

958 2383 978 2399 ²·
998 2381 1088 2414 aegre
1112 2368 1229 2414 passi,
1259 2369 1373 2402 Tibur
1399 2381 1470 2402 una
1495 2370 1633 2414 agmine

958 2434 977 2451 ›-
998 2420 1169 2454 abierunt.
1187 2435 1205 2450 ³·
1226 2420 1345 2454 Livius
1356 2418 1450 2453 dicto
1467 2419 1552 2453 loco.
1569 2420 1637 2454 Se-

956 2471 1115 2508 cundum
1129 2471 1356 2507 Plutarchum
1369 2471 1463 2506 dicto
1473 2471 1563 2514 loco,
1576 2471 1635 2505 ho-

957 2537 1045 2559 nore
1060 2537 1124 2559 suo
1139 2523 1264 2569 privati
1278 2530 1362 2558 sunt
1378 2536 1396 2557 a
1413 2524 1561 2558 tribunis
1570 2523 1637 2557 mi-

958 2576 1061 2610 litum
1084 2588 1179 2611 cons.
1204 2582 1374 2620 potestate
1388 2601 1398 2618 ,
1421 2588 1529 2620 penes
1550 2588 1637 2620 quos

958 2627 1150 2672 imperium
1170 2634 1245 2661 erat
1259 2626 1341 2661 inde
1368 2627 1411 2661 ab
1433 2639 1529 2661 anno
1547 2640 1582 2661 u.
1606 2641 1635 2662 c.

959 2680 1035 2715 310.
1059 2679 1219 2724 Scriptor
1234 2678 1278 2713 de
1296 2678 1392 2714 Viris
1419 2679 1547 2715 Illustr.
1571 2679 1636 2721 34,

959 2743 1073 2766 unum
1090 2731 1246 2778 Appium
1260 2729 1451 2768 Claudium
1465 2745 1483 2760 κ
1500 2730 1643 2775 epulan-
