1826 3054
513 260 582 304 IN
613 256 859 303 OVIDII
892 254 1187 299 FASTOS.
1475 254 1563 311 463

138 357 299 406 ritibus
322 352 593 404 illustrandis
624 363 667 400 et
697 370 750 400 ex
777 348 965 398 historia
994 347 1259 396 deducendis
1290 362 1566 406 meruerant,

141 459 307 506 cosque
325 436 562 504 saepissime
581 433 828 502 Dionysius
844 444 889 482 et
901 431 1168 480 Plutarchus
1182 430 1346 498 passim
1364 430 1478 479 hanc
1492 451 1569 480 an-

145 523 389 590 tiquitatem
414 518 687 567 illustrantes
709 516 965 584 respiciunt.
991 514 1138 563 Etiam
1159 516 1206 562 in
1233 513 1570 578 Quaestionibus

142 605 334 654 romanis
346 642 358 663 ,
379 621 476 671 quae
494 602 538 650 id
558 620 697 666 genus
714 599 851 650 multa
868 599 1103 657 exhibent,
1123 597 1388 647 Plutarchus
1400 597 1574 646 easdem

144 706 325 754 prorsus
349 706 449 735 cum
474 684 638 734 Ovidio
659 683 887 751 proferens
909 681 1173 740 sententias,
1194 680 1372 730 eosdem
1392 679 1540 729 fontes
1557 718 1571 739 ‚

143 771 256 819 forte
280 782 325 819 et
348 770 562 819 fastorum
585 767 923 818 commentarios
950 765 1010 815 oh
1035 764 1190 815 oculos
1214 764 1422 814 habuisse
1449 764 1576 813 vide-

147 867 231 903 tur.
270 855 431 903 Butam
464 867 609 903 autem
642 852 777 902 fuisse
821 862 999 918 poetam
1019 887 1032 910 ‚
1073 850 1150 917 qui
1189 868 1259 898 res
1288 868 1490 898 romanas
1521 847 1579 896 ad

146 957 296 986 causas
328 956 428 986 suas
461 935 687 986 fabulosas
714 935 944 985 referendo
974 934 1190 982 incertum
1226 952 1316 999 qno
1344 944 1544 999 tempore
1563 970 1580 990 ,

148 1022 339 1070 carmine
355 1022 469 1069 hanc
486 1039 682 1069 romanae
703 1019 988 1087 antiquitatis
1003 1029 1174 1084 partem
1192 1015 1409 1065 illustrare
1428 1033 1579 1064 susce-

149 1115 301 1169 perat,
328 1103 536 1152 discimus
560 1121 612 1151 ex
634 1101 752 1151 Plut.
777 1102 825 1149 in
846 1099 1066 1160 Romulo,
1091 1118 1186 1166 cap.
1212 1115 1298 1158 213
1324 1097 1378 1146 cf.
1403 1097 1577 1147 Arnob.

149 1184 230 1234 lib.
259 1185 319 1243 5.
336 1186 431 1233 init.
460 1197 502 1233 et
523 1184 727 1251 praeclare
746 1184 832 1232 hoc
855 1201 1030 1231 carmen
1053 1180 1235 1229 carmini
1254 1179 1476 1229 Ovidiano
1502 1198 1580 1227 co-

151 1281 331 1332 gnatum
352 1269 563 1334 judicavit
586 1270 716 1317 Lenz.
741 1267 771 1315 l.
799 1286 834 1315 c
859 1286 904 1334 p.
928 1265 971 1313 5.
995 1263 1263 1314 Plutarchus
1285 1263 1374 1312 duo
1391 1267 1576 1311 versus¹

153 1352 206 1399 de
229 1350 501 1418 Lupercaliis
519 1371 572 1400 ex
594 1370 647 1399 eo
666 1350 870 1407 laudans,
895 1354 1018 1402 αἰτίας
1036 1350 1223 1411 μυθώδεις
1243 1354 1283 1395 ἑν
1301 1350 1479 1411 ἐλέγειοις
1497 1349 1583 1410 περὶ

152 1443 227 1482 τῶν
251 1441 467 1495 Ρωμαϊκῶν
488 1432 715 1499 scripsisse
739 1430 948 1488 tradidit,
972 1440 1015 1477 et
1036 1429 1209 1477 Amob.
1228 1447 1281 1477 ex
1305 1428 1399 1494 ejus
1422 1425 1583 1476 Causa-

151 1515 278 1571 Iibus,
304 1527 355 1564 ut
375 1514 709 1581 inscriptionem
726 1511 831 1561 libri
854 1510 989 1560 latine
1005 1510 1159 1567 vertit,
1184 1510 1335 1559 Fatuae
1353 1509 1587 1559 historiam

155 1597 347 1645 exhibet.
383 1596 497 1644 Vide
518 1595 568 1643 de
590 1614 637 1643 eo
654 1593 713 1642 V
704 1595 851 1642 ossium
874 1593 927 1641 de
946 1591 1171 1641 historicis
1194 1591 1369 1655 graecis,
1391 1610 1438 1658 p.
1465 1589 1557 1658 337
1571 1629 1585 1650 ,

155 1691 199 1727 et
221 1679 275 1728 de
297 1690 417 1746 poet.
444 1696 568 1741 graec.
589 1696 634 1744 p.
657 1675 765 1724 225.
785 1677 859 1724 An
882 1674 929 1723 in
952 1675 1108 1723 ordine
1127 1674 1257 1723 etiam
1278 1673 1335 1722 ad
1356 1673 1458 1724 anni
1476 1685 1587 1722 tem·

158 1781 266 1828 pora
290 1761 528 1827 digerendo
553 1773 598 1810 et
621 1761 669 1807 in
689 1758 787 1809 aliis
807 1758 996 1808 Ovidius
1013 1777 1113 1807 eum
1132 1758 1258 1825 sequi
1280 1757 1499 1825 potuerit,
1525 1756 1587 1805 ob

160 1864 321 1911 paucas
340 1846 392 1893 de
413 1863 464 1892 eo
482 1843 665 1891 notitias
686 1862 769 1910 pro
789 1853 908 1890 certo
925 1841 1014 1889 dici
1031 1840 1211 1907 nequit,
1227 1860 1365 1907 quum
1387 1840 1475 1907 ipsi
1494 1841 1587 1888 Ha-

161 1926 284 1975 raldo
309 1926 365 1974 ad
388 1925 639 1974 Arnobium
662 1923 693 1972 l.
720 1943 758 1972 c.
783 1924 845 1972 ita
866 1924 1049 1987 ignotus
1071 1922 1317 1980 videretur,
1350 1933 1403 1970 ut
1425 1941 1589 1970 nomen

162 2011 287 2058 Butae
312 2009 357 2056 in
382 2007 623 2056 Plutarcho
650 2005 960 2068 corrigendum
983 2023 1077 2053 esse
1099 2015 1302 2071 putaret,
1325 2003 1405 2051 uhi
1427 2004 1590 2052 miran-

165 2092 269 2140 dum
293 2103 387 2147 est,
419 2089 550 2138 etiam
575 2087 973 2136 Wittenbachium
1002 2106 1043 2134 v.
1068 2106 1105 2134 c.
1140 2085 1357 2151 (Proleg.
1394 2085 1451 2134 ad
1483 2085 1590 2134 Plu·

167 2174 301 2223 tarch.
329 2172 447 2240 praef.
476 2191 575 2239 pag.
603 2169 696 2232 46)
722 2190 822 2219 cum
846 2188 898 2218 eo
919 2169 1167 2217 consentire
1187 2168 1340 2217 videri.
1370 2197 1423 2205 -
1453 2169 1591 2232 Quod

167 2257 280 2305 idem
305 2276 344 2303 v.
372 2275 408 2304 c.
435 2255 625 2304 Lenzius
646 2291 657 2311 ,
693 2273 793 2320 pag.
830 2254 861 2314 4
891 2252 1077 2318 conjecit
1098 2290 1110 2309 ,
1154 2251 1295 2300 simile
1334 2251 1591 2300 Callimachi

168 2339 354 2387 Carmen
373 2376 385 2397 ‚
414 2337 536 2404 quod
559 2342 674 2385 Αἴτια
697 2336 956 2384 inscribitur
975 2372 988 2394 ‚
1021 2333 1185 2383 ovidio
1217 2334 1363 2401 quoad
1388 2353 1527 2397 genus
1550 2345 1594 2382 et

213 2490 224 2510 ¹
249 2489 458 2525 Tradiderat
482 2489 528 2523 ibi
553 2487 682 2529 Butas,
704 2499 847 2522 cursum
912 2493 985 2521 tato
997 2484 1231 2521 Plutarchus.
1267 2491 1338 2530 ae'pa
1341 2492 1444 2530 ι’μιμα
1459 2493 1511 2521 τοῦ
1525 2488 1592 2522 τίτε

169 2544 207 2578 in
230 2541 440 2589 Lupercaliis
463 2543 656 2577 solemnem
682 2548 848 2586 repeten-
917 2542 970 2587 oti
954 2555 1039 2630 εμέἱ
1042 2545 1097 2579 τὴν
1147 2545 1215 2579 τὴν
1241 2541 1294 2611 ‹Ji-y
1283 2544 1347 2573 [θαι
1397 2544 1449 2574 καὶ
1474 2541 1591 2587 τρέχω

171 2597 256 2631 dum
274 2610 346 2631 esse
364 2609 383 2630 a
399 2596 547 2642 gaudio,
567 2609 637 2640 quo
654 2594 846 2637 Romulus,
914 2597 965 2626 roi,
1043 2594 1188 2635 biv-7221„

173 2650 317 2685 Amulio
340 2650 456 2692 victo,
480 2662 584 2684 cursu
610 2648 787 2683 festinavit
811 2647 849 2681 in
913 2608 1001 2691 Elauia
1039 2649 1122 2684 οιὲτς
1126 2648 1195 2680 ’κτα
1196 2662 1249 2682 πα
1253 2647 1360 2685 ςῖιτως
1381 2647 1446 2682 virs
1467 2645 1584 2690 «ἇς-μιν
1569 2645 1595 2679 ν’

170 2715 256 2738 eum
274 2703 411 2745 locum,
428 2702 487 2736 ubi
503 2701 583 2761 lupa
601 2701 688 2735 uber
703 2700 734 2735 ei
755 2712 851 2745 prae-
1024 2702 1142 2742 ’ἔχοντες

176 2754 329 2788 luerat.
350 2761 384 2788 et
405 2754 517 2800 pergit
533 2754 570 2789 in
586 2754 663 2789 loco
681 2765 783 2798 supra
799 2752 851 2788 ci-
960 2758 1007 2797 E}
1020 2747 1117 2792 Ᾰλέης
1131 2756 1176 2789 ῒεθ
1165 2768 1209 2787 m
1224 2745 1336 2797 ῥωμύὶ
1340 2769 1369 2793 ος
1385 2755 1439 2793 ³¹3·ss
1454 2745 1551 2795 Ρένμ
1537 2777 1560 2789 ,.
