1826 3054
500 250 903 294 FASTORUM
944 252 1079 295 LIB.
1118 252 1187 295 11.
1493 255 1567 297 151

162 343 258 390 Hos
276 342 432 389 hahuit
454 340 602 390 vultus
624 361 633 389 :
652 343 743 390 haec
760 342 826 390 illi
847 343 981 391 verba
997 343 1117 392 fuere
1132 343 1154 391 :¹

227 419 310 467 Hic
335 419 482 475 decom
506 418 596 467 haec
618 419 774 478 facies,
798 420 872 469 hic
893 419 1015 468 color
1036 421 1126 469 oris
1144 433 1247 469 erat.

163 497 225 542 Ut
248 496 358 545 solet
380 516 403 544 a
427 509 588 559 magno
605 496 765 546 fluctus
788 497 1063 559 languescere
1085 498 1219 557 flatu3

1512 514 1577 560 775

230 572 315 620 Sed
335 585 478 621 tamen
500 593 525 621 a
542 585 672 621 vento
686 611 698 631 ‚
723 574 799 640 qui
821 574 906 622 fuit
922 610 934 631 ‚
958 574 1076 623 unda
1098 587 1260 624 tumet:

165 647 236 695 Sic
250 684 262 703 ‚
284 649 480 713 quamvis
503 649 652 698 aberat
673 648 843 716 placitae
866 651 1096 716 praesentia
1117 652 1287 710 formae,

228 724 373 787 Quem
396 725 572 774 dederat
594 745 784 792 praesens
801 728 961 786 forma,
984 729 1190 778 manebat
1211 748 1341 778 amor.

162 801 325 858 Ardet;
351 814 394 850 et
415 802 567 867 injusti
588 803 778 852 stimulis
800 804 989 867 agitatus
1007 806 1166 854 amoris
1179 843 1191 864 ,

225 879 460 946 Comparat
482 880 666 944 indigno
691 881 865 948 vimque
887 894 1140 948 metumque
1159 894 1275 930 toro-

160 955 317 1004 Exitus
337 956 383 1003 iu
405 956 541 1006 dubio
563 969 628 1005 est
647 978 657 1005 :
678 958 936 1007 audebimus
959 958 1138 1017 ultima,
1161 957 1273 1006 dixit
1293 978 1303 1016 ;

224 1033 417 1090 Viderit,
442 1033 653 1082 audentes
675 1034 823 1083 forsne
845 1036 1023 1083 'Deusne
1042 1035 1175 1100 juvet.

164 1110 371 1175 Cepimus
391 1109 592 1158 audendo
616 1111 783 1159 Gabios
803 1131 994 1178 quoque.
1018 1112 1143 1161 Talia
1163 1112 1278 1161 fatus
1293 1149 1306 1171 ‚

227 1189 346 1236 Ense
367 1186 483 1237 latus
509 1187 647 1251 cingit
664 1208 675 1246 ;
702 1200 910 1255 tergaque
930 1190 1094 1255 pressit
1113 1191 1228 1256 equi.

165 1264 343 1330 Accipit
364 1277 490 1313 aerata
511 1265 712 1330 juvenem
735 1266 921 1315 Collatia
942 1279 1096 1333 porta,

1515 1280 1581 1327 785

232 1341 433 1390 Condere
451 1343 537 1407 jam
557 1342 704 1391 vultus
726 1343 818 1392 sole
840 1356 1019 1410 parante
1043 1363 1162 1393 suos.

167 1418 322 1466 Hostis
338 1456 350 1475 ‚
373 1431 423 1466 ut
440 1419 627 1486 hospes,
651 1420 735 1468 init
755 1421 993 1487 penetralia
1016 1421 1225 1470 Collatini
1244 1441 1254 1470 z

162 1565 249 1587 nero
256 1565 297 1587 ex
309 1553 468 1588 Puteano
482 1560 518 1588 et
533 1553 668 1588 duobus
679 1554 752 1589 aliis
762 1554 836 1600 pia—

161 1605 259 1639 cebat
266 1608 384 1640 cultus.
396 1607 445 1640 At
458 1607 629 1652 praeeessit
644 1606 750 1641 modo
760 1632 769 1650 ,
785 1610 837 1642 sic

160 1658 252 1690 culta
247 1656 332 1700 suit.
341 1658 460 1692 Vultus
472 1670 515 1691 au
519 1664 590 1691 tem
599 1656 758 1700 asacie’et
768 1661 837 1691 oris

159 1710 267 1743 colore
285 1707 411 1743 differt.
432 1728 476 1735 -
499 1709 622 1744 Nullus
645 1722 686 1744 ex
711 1710 837 1744 nostris

162 1760 279 1806 Regiis
295 1761 399 1796 habet
413 1764 530 1797 cultus.
555 1762 621 1796 Ed.

205 1815 278 1857 775.
301 1813 337 1845 A
347 1815 456 1857 flatu,
479 1820 555 1859 post
577 1813 712 1848 flatum.
733 1814 837 1848 Hanc

160 1863 423 1899 similitudinem
447 1878 520 1899 nou
539 1865 719 1911 vuigarem
741 1865 832 1900 ilius-

162 1922 232 1950 trat
246 1914 378 1951 Gellius
391 1943 401 1960 ,
419 1917 520 1952 Noct.
533 1918 607 1952 Au.
626 1918 680 1962 11,
698 1918 760 1960 30,
778 1917 837 1952 ubi

165 1966 208 2001 de
225 1974 342 2002 austro
356 1969 410 2003 vei
425 1968 530 2004 africo
545 1982 553 2003 ι
573 1984 591 2000 «
613 1969 751 2014 Quibus
765 1970 837 2014 jam

165 2035 183 2050 ιι
201 2020 840 2065 nihilspirantibusundaetamenfactae

164 2085 184 2101 ²»
202 2070 331 2106 diutius
352 2078 513 2116 tument,
537 2079 573 2107 et
592 2085 612 2106 a
631 2079 739 2107 vento
754 2073 840 2117 qui-

167 2138 185 2154 »
205 2124 287 2159 dem
303 2125 510 2169 iamdudum
528 2125 723 2170 tranquilla
739 2133 838 2168 suut,

167 2191 185 2206 »
202 2176 262 2211 sed
287 2190 383 2212 mare
407 2185 459 2212 est
478 2178 586 2212 etiam
608 2185 713 2222 atque
733 2178 840 2213 etiam

164 2244 185 2261 ν
200 2229 468 2265 undabundum.
481 2245 499 2262 »

210 2296 284 2330 779.
300 2283 426 2317 Heius.
440 2281 499 2317 cui
511 2283 637 2327 injusti
648 2295 720 2318 voc.
737 2284 841 2319 nimis

164 2335 244 2369 leue
263 2335 300 2369 in
320 2335 385 2369 hac
402 2348 440 2369 re
455 2334 639 2370 videbatur
650 2361 660 2379 ,
678 2335 714 2369 id
732 2335 770 2370 in
786 2340 842 2370 in·-

164 2389 253 2421 cesti
257 2386 385 2420 mutari
398 2385 535 2421 volebat
547 2400 554 2421 :
563 2387 638 2421 sine
645 2399 757 2422 causa.
767 2387 842 2421 Liv.

165 2438 184 2472 Ι
193 2463 204 2482 ,
222 2442 263 2485 59
274 2464 284 2481 ,
299 2439 366 2474 hoc
381 2438 495 2484 ipsum
509 2439 694 2484 Tarquinii
708 2439 842 2474 facinus

164 2493 287 2534 regiam
301 2492 461 2535 iujuriam
479 2498 589 2526 vocat.
615 2492 671 2527 111
694 2492 840 2527 Metam.

166 2541 228 2587 257
240 2568 251 2584 ‚
259 2542 370 2585 Juno,
378 2557 396 2572 κ
406 2543 686 2588 injuriathalami
693 2545 812 2579 nostri.
822 2559 840 2574 n

164 2610 209 2618 —
220 2593 411 2637 Comparat,
428 2602 537 2640 parat.
551 2597 762 2640 -Indigno,
781 2596 842 2641 qui

165 2645 249 2679 talia
270 2658 345 2680 non
362 2648 573 2683 merebatur.
585 2667 631 2677 -·-
644 2649 842 2693 Metumque.

169 2696 293 2731 Heius.
306 2711 348 2732 ex
359 2698 456 2734 MSS
474 2700 629 2745 pluribus
644 2699 774 2745 recepit
783 2702 842 2734 do-

169 2748 299 2792 lumque
313 2762 323 2783 .·
340 2749 445 2795 idque
462 2758 580 2786 tuetur
599 2751 705 2786 etiam
719 2752 842 2786 Bur-m.

902 1554 984 1599 quia
996 1554 1069 1589 Liv.
1083 1554 1217 1589 XXIII
1229 1580 1239 1596 ‚
1253 1554 1314 1596 35,
1325 1553 1479 1599 scripsit,
1490 1567 1508 1584 α
1520 1553 1581 1588 do·

903 1622 921 1637 2»
939 1607 1013 1641 lum
1028 1606 1070 1641 ad
1087 1606 1273 1652 capiendos
1287 1619 1346 1641 eos
1360 1613 1550 1651 comparat.
1562 1621 1580 1636 n

903 1659 984 1694 Hoc
997 1659 1096 1693 nihili
1109 1666 1181 1694 est:
1195 1671 1268 1693 non
1285 1659 1382 1693 enim
1399 1658 1579 1703 quaeritur,

902 1724 947 1745 an
962 1711 1109 1756 scriptor
1126 1711 1248 1755 aliquis
1265 1713 1377 1744 dolum
1393 1723 1583 1754 comparare

902 1762 1053 1806 dixerit,
1081 1762 1142 1797 sed
1162 1761 1246 1807 quid
1270 1762 1482 1807 Tarquinius
1501 1762 1582 1795 Lu·-

901 1815 1018 1850 cretiae
1032 1814 1213 1859 paraverit.
1228 1813 1284 1848 De
1299 1816 1378 1848 dolo
1392 1827 1457 1848 nec
1473 1813 1580 1848 ovid.

903 1866 1094 1911 quidquam
1109 1866 1145 1899 in
1161 1878 1225 1911 sqq
1244 1865 1348 1901 habet
1361 1891 1370 1909 ,
1390 1878 1456 1901 nec
1470 1865 1581 1900 histo-

902 1919 964 1953 rici
977 1933 986 1961 ;
1002 1919 1039 1953 in
1053 1926 1141 1953 metu
1153 1925 1275 1954 contra
1289 1945 1298 1962 ,
1319 1931 1425 1965 quem
1442 1918 1583 1953 mulieri

902 1970 1084 2006 incusserit
1102 1997 1112 2014 ,
1138 1984 1261 2006 omnes
1283 1970 1519 2005 consentiunt.
1537 1989 1582 1997 —

903 2022 1002 2056 Beue
1012 2023 1047 2056 in
1055 2022 1183 2057 nostris
1189 2022 1582 2068 cod-tribuslegiturme-

902 2080 1043 2118 tumque.
1054 2073 1278 2109 Ed.—-Pau10
1288 2081 1366 2119 post
1375 2074 1512 2109 volebat
1529 2073 1585 2108 di-

902 2138 983 2160 cere
996 2151 1006 2168 ,
1023 2125 1232 2160 audentibus
1247 2125 1366 2159 omnia
1379 2124 1582 2160 succedunt.

904 2175 1022 2221 Vulgo
1034 2189 1230 2212 successum
1247 2176 1348 2211 illum
1359 2178 1511 2211 Fortuna·
1525 2177 1583 2211 tri-

904 2227 1078 2272 buebant,
1084 2228 1196 2272 sortes
1205 2231 1355 2263 Fortuna
1354 2229 1459 2272 juvat
1471 2242 1481 2263 .·
1499 2229 1581 2264 Sex-

906 2286 943 2314 to
954 2280 1099 2325 perinde
1107 2287 1171 2324 est,
1178 2281 1255 2326 quis
1263 2281 1329 2316 hoc
1335 2280 1448 2324 saciat,
1459 2283 1583 2316 For-sne

906 2332 1052 2366 Deusne.
1060 2350 1105 2358 -
1118 2334 1252 2368 Viderit
1258 2346 1323 2368 vox
1334 2334 1410 2378 eius
1422 2358 1431 2376 ‚
1450 2333 1510 2378 qui
1526 2347 1582 2372 cur

906 2396 982 2418 ram
995 2384 1045 2418 rei
1056 2384 1094 2419 in
1105 2384 1212 2419 alium
1222 2386 1346 2429 rejicit.
1361 2384 1450 2419 Vide
1466 2385 1585 2420 Hein—

906 2437 996 2471 sium
1012 2436 1055 2471 ad
1072 2437 1089 2471 1
1104 2449 1147 2471 ex
1162 2437 1298 2480 Ponto,
1316 2447 1368 2481 11,
1386 2451 1418 2484 9.

952 2491 1024 2535 785.
1042 2490 1186 2534 Accipit
1196 2502 1262 2526 uos
1274 2490 1370 2526 locus
1381 2517 1391 2534 ,
1405 2503 1514 2536 quem
1526 2490 1586 2525 iu-

907 2541 1277 2587 gredimur.—-AErata‚
1297 2556 1366 2579 aere
1379 2543 1584 2579 obducta.—

907 2597 1026 2630 Hostis
1038 2621 1047 2635 ,
1062 2603 1102 2630 ut
1109 2598 1239 2640 hospes.
1253 2597 1322 2631 Hic
1335 2595 1430 2632 lusus
1441 2624 1450 2640 ‚
1463 2597 1500 2631 in
1515 2610 1587 2642 quo

905 2649 957 2683 vis
972 2649 1063 2684 inest
1073 2675 1083 2692 ‚
1101 2649 1228 2695 placuit
1250 2649 1355 2684 etiam
1377 2650 1477 2684 Livio
1491 2676 1501 2693 ,
1525 2651 1585 2694 qui

906 2714 925 2730 α
935 2700 1041 2735 hostis
1048 2713 1112 2746 pro
1119 2700 1254 2747 hospite
1262 2701 1349 2736 mihi
1357 2701 1488 2747 sibique
1498 2708 1585 2736 etc.»

907 2771 950 2779 —
959 2754 1252 2790 Collate‘atHeins.
1265 2753 1368 2790 unius
1381 2753 1511 2789 Medic.
1523 2764 1584 2788 au-
