1826 3054
558 228 955 274 FASTORUM
993 229 1118 272 LIB.
1157 230 1245 274 IV.

202 327 306 374 Haec
327 325 407 372 ubi
426 342 502 373 rex
526 322 704 381 didicit,
731 323 940 390 lacrymas
962 323 1182 372 introrsus
1203 324 1384 371 obortas

1524 230 1611 274 305

1534 337 1616 383 -845

267 401 483 457 Demi-at,
508 410 552 447 et
572 398 768 447 clausum
788 410 965 465 pectore
986 398 1146 446 vulnus
1165 398 1313 447 habet.

203 477 327 526 Flere
350 476 493 544 palam
515 495 608 525 non
629 476 752 535 vult,
777 476 1061 544 exemplaque
1082 476 1215 525 fortia
1235 489 1404 535 servat;

268 556 427 622 Sicque
449 574 575 604 meos
595 574 746 603 muros
769 567 959 603 transeat
975 555 1116 603 hostis
1131 593 1143 613 ‚
1170 556 1243 603 ait.

203 636 292 684 Dat
315 648 458 684 tamen
481 635 710 702 exsequias
732 657 742 684 :
766 655 846 685 nec
865 637 953 702 jam
976 637 1241 704 suspendere
1264 637 1416 687 fletum

267 715 490 772 Sustinet3
515 726 559 763 et
580 714 720 781 pietas
745 714 1016 763 dissimulata
1039 727 1174 781 patet.

1552 731 1621 766 850

204 792 456 860 Osculaque
480 792 696 860 applicuit
716 794 863 860 posito
885 812 1088 860 suprema
1109 794 1267 843 feretro
1285 814 1296 852 ;

265 873 415 938 Atque
438 872 499 920 ait
519 891 528 920 :
549 872 696 920 Iuvito
722 872 856 920 stater
876 872 1045 920 ademte
1060 910 1072 930 ,
1097 872 1202 921 vale.

203 951 484 1017 Arsurosque
507 962 628 999 artus
649 950 803 1007 unxit3
828 950 992 1009 fecere,
1018 951 1138 1018 quod
1160 951 1258 1009 ille,

269 1025 507 1074 Faustulus
530 1037 575 1074 et
597 1037 774 1074 moestas
798 1028 914 1075 Acca
940 1025 1086 1075 soluta
1106 1045 1266 1075 comas.

205 1102 322 1148 Tum
344 1102 543 1165 juvenem
564 1101 764 1148 nondum
786 1101 889 1150 facti
909 1101 1062 1150 flevere
1085 1103 1308 1166 Quirites;

1558 1116 1625 1150 855

274 1179 439 1227 Ultima
463 1178 637 1245 plorato
660 1179 838 1228 subdita
856 1180 1027 1228 flamma
1047 1200 1173 1244 rogo.

255 1288 328 1330 845.
342 1287 457 1322 Etiam
466 1287 572 1321 Floro
581 1315 590 1331 ,
605 1288 622 1322 I
632 1314 642 1331 ,
654 1299 667 1322 1
678 1314 688 1331 ,
699 1288 721 1322 6
730 1315 739 1331 ,
752 1290 887 1323 dubium

211 1339 368 1383 videtur,
385 1353 430 1374 an
442 1340 544 1382 jussu
550 1340 678 1383 fratris
695 1341 824 1375 occisus
833 1341 887 1375 sit.

214 1391 318 1436 Apud
337 1392 472 1426 Livium
489 1399 611 1427 contra
627 1392 801 1427 Romulus
815 1393 888 1438 ipse

213 1445 319 1479 iratus
331 1457 413 1479 eum
425 1445 609 1488 interficit,
621 1444 745 1479 additis
753 1446 866 1480 verbis
877 1471 887 1488 ‚

213 1508 290 1541 quae
305 1494 453 1530 Ovidius
466 1522 475 1539 ,
491 1496 555 1539 848
571 1522 581 1538 ,
599 1496 747 1542 respexit
762 1510 771 1531 ι
793 1512 810 1526 κ
833 1497 890 1532 Sic

215 1563 233 1578 υ
251 1547 379 1582 deinde
393 1573 402 1591 ,
427 1548 637 1594 quicumque
655 1549 740 1584 alius
757 1549 891 1584 transi-

216 1616 234 1631 ²»
250 1601 311 1635 liet
321 1601 449 1635 moenia
458 1614 547 1636 mea.
559 1617 576 1631 »
588 1603 717 1637 Noster
725 1601 760 1636 id
771 1601 892 1636 sedulo

214 1654 302 1699 agit,
320 1661 359 1688 ut
374 1654 506 1688 facinus
523 1653 607 1688 illud
621 1653 733 1697 velet,
752 1654 893 1688 Romu-

214 1707 357 1752 lumque
375 1720 392 1741 a
408 1706 535 1742 ferocia
553 1706 728 1742 defendat.
747 1707 830 1742 Non
847 1707 895 1741 ita

220 1758 359 1802 Cicero,
371 1758 446 1795 Off.
463 1760 535 1803 III,
548 1771 587 1793 ιο
598 1773 606 1794 ;
618 1774 634 1789 «
647 1759 786 1805 Species
797 1760 894 1794 enim

220 1823 238 1838 »
258 1809 411 1844 utilitatis
420 1811 578 1844 animum
588 1810 717 1856 pepulit
734 1811 809 1855 ejus
820 1826 828 1851 ;
839 1810 895 1845 cui

222 1873 239 1888 »ι
258 1872 367 1904 quum
383 1860 497 1894 visum
515 1868 604 1895 esset
620 1860 757 1905 utilius,
781 1861 895 1895 solum

223 1924 242 1939 »ι
260 1923 365 1954 quam
384 1923 466 1944 cnm
487 1911 600 1945 altero
619 1924 765 1956 regnare
782 1938 791 1955 ,
818 1911 896 1945 sra-

224 1977 242 1992 »
262 1969 351 1996 trem
380 1962 567 1998 interemit.
594 1978 611 1993 »
633 1962 726 1998 Cum
751 1978 814 2010 sqq
833 1977 898 1998 au-

224 2021 296 2048 tem
312 2013 434 2048 confer
451 2015 485 2047 V
497 2041 506 2057 ,
529 2017 588 2058 451
604 2040 614 2057 ,
631 2015 690 2049 ubi
705 2015 771 2050 hoc
786 2030 898 2062 argu-

224 2074 386 2101 mentum
402 2067 637 2102 continuatur.
650 2068 829 2103 —Verbis
844 2071 900 2102 la-

224 2131 357 2164 ctymas
369 2143 376 2151 .
387 2146 394 2152 .
408 2144 415 2150 .
430 2119 567 2152 devorat
581 2118 710 2152 Noster
732 2118 802 2152 vim
820 2132 902 2164 gra-

226 2169 354 2204 vissimi
378 2168 507 2203 doloris
532 2169 636 2203 etiam
658 2169 709 2203 XI
732 2168 821 2204 Met.
835 2170 901 2205 635

226 2221 412 2267 descripsit.
424 2221 579 2256 Μαι-ονε
594 2221 652 2255 illo
664 2228 758 2256 actus
770 2222 903 2256 Romu-

224 2274 278 2309 lus
301 2274 525 2319 semetipsum
555 2273 780 2309 interfecisset
799 2300 808 2316 ,
835 2273 904 2308 nisi

227 2339 311 2361 eum
330 2326 518 2361 Laurentia
535 2327 692 2372 precibus
705 2325 904 2362 deterruis-

229 2386 281 2413 set
290 2392 299 2419 3
309 2378 497 2426 Dionysius
506 2378 598 2413 dicto
607 2379 905 2424 loco.-E1empla

225 2427 332 2470 sortia
353 2438 464 2464 servat
483 2443 495 2472 ,·
523 2430 681 2475 sequitur
708 2430 905 2475 exemplum

232 2479 388 2514 virorum
409 2480 552 2515 sortium
569 2481 604 2515 in
624 2480 832 2516 devorandis
848 2481 906 2515 la-

233 2531 361 2578 crymis
374 2533 454 2567 etin
467 2533 586 2568 dolore
596 2534 692 2568 intus
701 2533 906 2569 claudendo.

237 2584 367 2630 lnterp.
388 2585 524 2630 gallicus
547 2586 758 2620 aberravit-a
786 2593 907 2620 mente

236 2643 346 2682 poetae
355 2663 365 2679 ,
374 2650 482 2682 quum
490 2638 680 2673 Romulum
691 2646 788 2683 putat
797 2651 909 2673 exem·

237 2689 333 2733 plum
349 2689 430 2734 legis
443 2690 620 2725 servandae
634 2704 828 2737 proponere
846 2702 910 2723 vo-

236 2740 538 2777 luisse—Dubitat
546 2743 711 2778 Heinsius
721 2755 765 2777 an
775 2749 910 2777 veteres

399 2807 489 2853 VI.

951 1292 1032 1324 dare
1044 1293 1219 1336 etsequtias
1235 1289 1405 1331 dixerint3
1425 1288 1547 1324 suadet
1563 1289 1631 1335 igi-

952 1347 1011 1374 tur
1022 1348 1081 1375 aut
1090 1343 1152 1375 dat
1160 1341 1310 1385 inferias,
1329 1348 1389 1375 aut
1398 1345 1428 1376 it
1436 1344 1624 1386 exsequias,

951 1392 1032 1437 quia
1046 1393 1083 1426 in
1099 1392 1176 1426 cod.
1187 1391 1357 1427 Mazarin.
1372 1406 1467 1427 erasa
1480 1401 1556 1428 erat
1567 1407 1630 1429 ve-

951 1451 1008 1479 tus
1029 1444 1131 1479 lectio
1144 1470 1153 1488 ‚
1174 1450 1210 1478 et
1229 1445 1379 1479 restabat
1399 1444 1499 1480 litera
1520 1447 1548 1480 I.
1574 1445 1632 1480 De

951 1495 1084 1541 inferiis
1103 1495 1245 1542 quidem
1262 1509 1379 1531 sermo
1396 1495 1452 1531 hic
1469 1509 1542 1531 esse
1558 1509 1633 1531 non

953 1555 1088 1595 potest:
1101 1555 1177 1583 tum
1192 1548 1297 1582 nimis
1309 1555 1415 1582 tenue
1427 1554 1515 1582 esset
1527 1574 1536 1591 ,
1549 1561 1633 1582 eum

955 1605 1024 1636 isse
1036 1605 1231 1646 ezsequias;
1247 1601 1371 1635 melius
1383 1601 1453 1646 ipse
1464 1613 1522 1635 eas
1534 1601 1634 1636 insti-

956 1653 1024 1688 tuit
1035 1667 1044 1695 ;
1058 1654 1138 1687 dare
1147 1660 1264 1687 autem
1277 1665 1340 1698 pro
1348 1652 1461 1687 facere
1472 1677 1481 1695 ,
1498 1665 1618 1697 parare
1626 1680 1635 1695 ,

956 1703 1148 1739 concedere
1163 1704 1316 1749 ponitur.

1001 1758 1076 1792 852:
1092 1757 1275 1797 Ademtus,
1296 1756 1356 1801 qui
1371 1756 1481 1796 invito
1498 1763 1637 1800 ereptus

959 1814 1032 1849 est;
1052 1807 1099 1841 sic
1121 1809 1274 1841 ademtus
1298 1808 1426 1841 Hector
1443 1807 1612 1841 Horatius
1626 1833 1636 1850 ,

961 1861 998 1894 II
1010 1887 1020 1903 ‚
1039 1859 1110 1895 Od.
1131 1870 1192 1902 xv,
1212 1873 1269 1901 ¹03
1293 1866 1328 1894 et
1343 1861 1496 1893 ademtus
1514 1867 1639 1906 mystes

961 1910 1033 1946 Od.
1054 1922 1094 1945 lx
1108 1937 1117 1954 ,
1144 1923 1196 1944 10.
1211 1929 1255 1950 -,-
1269 1910 1325 1944 De
1341 1914 1495 1944 unctione
1509 1918 1640 1944 artuum

959 1961 1029 1996 vid.
1040 1962 1242 1997 Bentleium
1254 1961 1296 1995 ad
1309 1962 1498 1996 Horatium
1506 1989 1516 2006 ,
1526 1962 1638 2008 Epod.

962 2025 1041 2049 xvu
1061 2042 1070 2059 ,
1103 2028 1151 2049 u.
1170 2033 1214 2041 —·
1236 2016 1419 2049 Faustulus
1445 2015 1640 2050 secundum

963 2067 1045 2101 alios
1067 2066 1104 2102 in
1123 2068 1313 2102 certamine
1334 2068 1446 2114 periit.
1462 2087 1506 2094 --
1519 2071 1617 2104 Acca
1630 2096 1639 2109 ‚

964 2118 1153 2154 Laurentia
1168 2146 1177 2163 ,
1202 2133 1279 2165 quae
1299 2133 1319 2154 a
1340 2121 1529 2156 Plutarcho
1545 2123 1643 2156 Acca

965 2170 1126 2205 larentia
1140 2179 1303 2213 vocatum
1326 2171 1405 2206 vide
1422 2171 1466 2206 ad
1483 2173 1540 2208 111
1553 2199 1562 2216 ,
1589 2175 1642 2207 55.

965 2221 1171 2254 —Nondum
1185 2220 1283 2264 facti
1297 2223 1452 2265 Qm‘riles.
1476 2223 1534 2258 Sic
1556 2223 1643 2258 solet

969 2271 1117 2307 Ovidius
1129 2286 1184 2307 res
1195 2281 1255 2308 aut
1265 2274 1481 2310 homines'ab
1496 2276 1536 2310 iis
1546 2302 1555 2319 ,
1566 2288 1643 2320 quae

966 2323 1076 2358 serius
1086 2331 1291 2369 evenerunt,
1300 2326 1479 2372 designare
1490 2341 1498 2368 ;
1508 2328 1544 2362 11
1554 2329 1643 2362 Met.

970 2391 988 2405 «
1005 2375 1166 2410 nondum
1196 2375 1360 2422 OEagrius
1380 2379 1536 2413 Haemus.
1562 2394 1578 2409 »
1600 2399 1644 2406 —

974 2428 1134 2461 Ultimum
1143 2426 1291 2462 Lenzius
1304 2429 1447 2474 explicat
1459 2429 1584 2465 ultimo
1597 2430 1646 2465 lo-

970 2491 1011 2513 co
1021 2505 1030 2521 ,
1040 2484 1116 2523 post
1125 2478 1275 2522 reliquos
1285 2481 1524 2524 exsequiarum
1538 2482 1624 2518 ritus
1634 2497 1644 2526 ς

970 2531 1081 2565 immo
1095 2533 1228 2572 ultima,
1245 2544 1415 2576 supraema,
1433 2546 1508 2567 sera
1521 2533 1648 2570 dicun·

972 2591 1051 2627 tur,
1069 2596 1295 2629 quaecumque
1313 2584 1404 2621 fiunt
1420 2586 1456 2620 in
1472 2581 1646 2623 honorem

973 2637 1122 2677 mortui;
1138 2636 1186 2671 sic
1200 2638 1303 2682 paulo
1319 2645 1399 2673 ante
1416 2651 1569 2683 suprema
1588 2655 1647 2676 os-

973 2691 1061 2722 cula.
1079 2688 1255 2722 Humatus
1269 2696 1387 2724 autem
1401 2690 1534 2727 Remus
1546 2699 1596 2727 est
1612 2693 1648 2727 in

975 2740 1146 2775 Remuria
1158 2748 1290 2776 monte.

1404 2826 1458 2852 20
